3384 5359
654 355 763 421 unu.
786 354 816 419 1.
861 350 966 422 cnr.
988 353 1018 417 1.
1158 340 1166 351 “
1431 358 1493 423 ur

127 530 132 535 ·
172 495 351 579 Nunquam
374 493 577 557 mehercule¹
600 516 663 580 ego
685 515 789 579 neque
815 493 964 576 pecunias
987 493 1140 571 istorum,
1170 514 1275 579 neque
1299 496 1407 563 teeta²
1428 517 1496 563 ma·

173 589 314 675 gnifica,
349 607 452 672 neque
476 608 572 669 opes,
601 611 704 676 neque
728 588 882 672 imperia,
913 608 1016 672 neque
1040 608 1111 664 eas,
1142 587 1257 673 quibua
1281 589 1420 655 maxime
1439 584 1494 665 ad·

174 683 281 748 stricti
306 692 394 758 sunt,
434 682 632 767 voluptates,
676 682 710 746 iu
739 683 833 747 bonis
862 682 958 746 rebus
983 693 1036 744 ant
1061 683 1246 762 expetendis
1274 704 1343 746 esse
1371 683 1494 749 duxi³a

175 756 311 879 qttiplpl‘
328 778 425 860 quum
447 776 612 863 viderem.
647 776 806 867 homines,
826 780 923 840 rebus
949 776 996 840 his
1021 760 1361 932 efdet‘u'tiigtoriteissa
1390 788 1494 842 tamen

161 869 525 955 ,desiderarepmaximm
548 870 664 963 qu'btp
681 873 886 935 abundarent.
924 873 1036 953 Neque
1054 870 1135 932 enim
1173 872 1302 950 npietur
1322 871 1516 957 ttnquamf,'

175 986 239 1030 uec
278 965 411 1028 satiatur
443 966 560 1046 eupidit
583 965 636 1027 tis‘
654 965 742 1028 sitis:
778 986 881 1052 neque
912 965 1015 1029 solum
1048 964 1164 1053 ealqui
1195 965 1332 1027 babent⁶
1367 965 1494 1028 libidine
1530 1010 1535 1035 .

177 1059 318 1144 angendi
343 1059 545 1135 cruciantur,
586 1058 753 1123 sedetiam
778 1058 938 1120 amittendi
967 1069 1065 1129 niatu.
1121 1060 1153 1121 7.
1189 1058 1227 1122 In
1254 1080 1318 1141 quo
1348 1058 1492 1143 equidem

175 1154 521 1218 continentissimorum
545 1155 724 1228 hominum,
755 1152 909 1215 maiorum
928 1164 1129 1228 nostrorum,
1156 1173 1252 1233 saepe
1270 1153 1399 1237 requiro
1417 1175 1495 1233 pru·

177 1249 334 1323 dentiam,
379 1247 434 1332 qui
466 1249 544 1311 haee
569 1246 749 1310 imberiiia⁷
779 1259 811 1310 et
841 1243 1073 1309 commutabilia
1107 1245 1258 1326 pecuniae
1286 1247 1493 1328 [membra⁸,]

176 1341 308 1404 nerbo⁹
340 1342 455 1404 Boua
487 1354 679 1422 putaverunt
693 1343 718 1380 ¹⁰
750 1340 951 1429 appellanda,
991 1360 1085 1423 quum
1114 1360 1149 1402 re
1181 1361 1219 1402 ae
1242 1340 1334 1403 iactis
1357 1341 1494 1425 Ιοιιςεειι

177 1435 271 1497 aiiter
292 1434 528 1499 iudicavissent.
571 1436 723 1499 Potestne
742 1434 860 1498 bonurn
871 1436 895 1474 11
920 1434 1064 1520 cuiquam
1086 1435 1169 1498 maio
1189 1456 1257 1497 esse
1270 1434 1319 1499 ¹³?
1348 1448 1400 1498 aut
1418 1447 1493 1517 pot·

178 1542 227 1592 est
258 1529 422 1613 quisquam
452 1530 482 1590 in
509 1528 695 1611 abuudantia
715 1530 872 1592 bonorum
895 1529 962 1611 ipse
983 1550 1132 1591 essenon
1156 1529 1282 1592 bonus?
1311 1529 1411 1614 Atqui
1433 1530 1493 1595 ista

179 1623 285 1684 onmia
311 1621 384 1683 taiia
413 1621 572 1693 videtitis,
609 1632 644 1684 ut
669 1620 762 1684 etiam
786 1620 926 1704 improbi
937 1623 964 1664 ¹¹
992 1623 1148 1697 habeant,
1186 1633 1218 1684 et
1242 1622 1348 1689 obsint
1368 1622 1495 1704 probis.

178 1717 213 1779 8.
237 1716 450 1795 Quamobrem
470 1715 578 1779 iieet¹⁵
603 1715 749 1790 irrideat,
779 1715 806 1778 si
829 1715 918 1800 qni¹⁶
942 1715 1031 1779 vult:
1058 1716 1129 1798 plus
1154 1719 1239 1798 apud
1256 1737 1305 1779 me
1330 1718 1445 1798 [tamen
1456 1718 1496 1798 ¹⁷]

178 1829 258 1871 rera
284 1807 367 1870 ratio
392 1807 529 1886 valebit,
563 1831 656 1894 qnam
685 1807 774 1894 vulgi
808 1810 937 1894 opinior
978 1829 1082 1897 neque
1111 1822 1175 1892 ego
1208 1829 1345 1891 unquam
1373 1810 1496 1873 boue¹⁸

58 1980 66 1987 .
178 1900 354 1986 perdidisse
369 1902 487 1978 dicam,
515 1902 542 1965 si
561 1902 648 1986 qui¹⁹
668 1923 765 1984 pecus
781 1892 1079 1987 auttsupeiieeliIeut'
1091 1896 1247 1965 amiseiit:
1271 1903 1407 1989 neque¹⁰
1430 1922 1495 1967 non

179 2014 276 2076 saepe
302 1994 437 2059 laudabo
456 1995 626 2077 sapientem
647 1995 732 2057 ilium
744 1998 789 2073 11,
819 1980 987 2071 titatium)
1018 1994 1208 2078 mopiam,
1239 1995 1294 2081 qni
1315 2008 1497 2059 numeratur

178 2088 212 2153 iu
230 2083 349 2169 septem
361 2089 407 2152 ²²:
430 2088 519 2151 cuins
539 2111 634 2175 quum
652 2088 785 2172 patriam
804 2090 981 2160 Prieneu¹³
1007 2088 1143 2171 cepisset
1165 2089 1311 2177 bestiast,
1325 2089 1496 2181 “ceterique

177 2182 222 2246 ita
242 2182 413 2265 ingerent,
435 2194 470 2245 ut
492 2183 587 2246 multa
609 2185 647 2246 de
663 2185 726 2244 suis
741 2185 873 2246 rebus²⁵
894 2183 1036 2246 seeum¹¹
1058 2193 1277 2265 asportarent:
1300 2205 1397 2266 quum
1413 2193 1498 2247 esset

178 2275 358 2338 admonitus
383 2278 578 2360 aquodam,
610 2287 643 2338 ut
664 2275 744 2339 idem
767 2276 874 2359 ipse²⁷
899 2266 1038 2340 faceret:
1068 2278 1147 2361 Ego
1165 2299 1257 2351 uero,
1285 2275 1403 2362 inquit,
1421 2275 1495 2364 fo·

177 2369 253 2433 eio:
280 2389 361 2432 narn
376 2370 494 2434 omnia
511 2392 640 2433 meeum
657 2383 763 2457 porto
782 2392 860 2435 rnea
870 2371 910 2433 11.
954 2371 986 2434 9.
1010 2370 1069 2459 lile
1090 2371 1169 2435 haee
1188 2370 1324 2435 indibria
1344 2368 1494 2435 fortunae

256 2598 294 2666 (¹)
312 2618 349 2657 ε
368 2597 500 2652 mehercle
518 2598 550 2655 P.
570 2625 606 2642 ·-
626 2615 679 2665 ego
698 2594 807 2650 lrereule
827 2598 859 2651 B.
878 2599 944 2650 Bes.
963 2594 999 2650 Η.
1036 2594 1075 2671 (1)
1098 2627 1137 2643 -·
1154 2595 1245 2668 facta
1262 2596 1295 2653 E.
1333 2599 1372 2667 (1)
1392 2598 1439 2653 Sic
1460 2599 1492 2652 B.

201 2712 209 2727 .
228 2673 262 2726 V.
283 2677 312 2728 P.
332 2681 359 2734 5.
378 2673 459 2746 Seqq.
479 2674 563 2725 -21'11
582 2672 760 2724 boreisrelus
779 2691 838 2724 eree
856 2671 1044 2723 nummarias
1067 2671 1138 2724 drexr'
1157 2689 1182 2730 e.
1202 2675 1246 2728 Cr.
1266 2674 1308 2728 M.
1330 2676 1388 2728 Ma.
1408 2703 1444 2719 -
1463 2680 1494 2727 lrt

177 2690 260 2800 ionis
276 2748 359 2800 rebus
377 2758 428 2801 aut
447 2748 609 2821 expetendis
626 2746 816 2799 numerandas
834 2765 893 2798 esse
912 2747 982 2798 duxi
1001 2746 1091 2822 (Bes.)
1104 2748 1136 2805 L.
1174 2748 1211 2817 (1)
1232 2751 1276 2805 Sic
1295 2765 1336 2804 ve.
1356 2752 1418 2804 eum
1437 2750 1496 2824 ple.

178 2828 251 2893 rieq.
269 2826 315 2877 Cr.
334 2825 378 2877 M.
396 2825 454 2878 Ma.
475 2825 506 2877 L.
526 2825 558 2880 P.
578 2826 645 2888 (nisi
664 2822 736 2894 quud
760 2841 800 2877 =
824 2820 869 2873 its
892 2822 985 2890 reim)
1012 2824 1048 2877 G.
1074 2828 1142 2891 (uisi
1160 2824 1241 2897 'quod
1266 2825 1313 2878 bie
1338 2829 1443 2883 omittit
1468 2844 1495 2880 r.
1551 2822 1557 2831 ’

178 2898 322 2960 hominen
352 2915 416 2951 curu
435 2897 503 2953 cdd.
522 2898 601 2969 aliq.;
634 2896 667 2951 de
693 2915 748 2971 quo
772 2914 828 2950 uon
848 2913 957 2971 pugno:
988 2902 1039 2953 eni
1059 2898 1156 2954 melius
1175 2904 1289 2954 retineri
1309 2898 1438 2966 ridetur.)
1456 2929 1496 2943 -

177 2973 319 3039 viderem,
350 2972 474 3026 domines
492 2972 535 3025 leis
554 2973 635 3025 rebus
653 2972 904 3044 circumfluentibus
922 2976 982 3027 Bar.
1002 2974 1034 3025 V.
1049 2974 1144 3040 otiu,
1177 2976 1260 3049 Borg.
1281 2972 1354 3048 quod
1372 2972 1494 3030 defendit

178 3049 288 3103 Oehsu.
308 3048 367 3102 Eel.
386 3067 414 3123 p.
432 3054 497 3108 285.
523 3079 562 3094 -
588 3048 767 3115 videreretur,
796 3048 878 3099 rebus
904 3046 950 3099 liis
973 3050 1222 3119 clxumstuentibue
1242 3054 1270 3103 Β.
1293 3049 1389 3103 outeb.
1413 3067 1442 3123 p.
1468 3065 1493 3106 1.

178 3122 273 3197 (prob.
294 3124 329 3179 G.
350 3129 378 3177 iu
402 3125 488 3191 Adel.)
508 3127 622 3195 Recepit
635 3126 668 3178 N.
689 3127 748 3179 lam
767 3122 948 3177 manifestum
962 3139 1020 3188 est,
1039 3142 1065 3178 v.
1083 3126 1209 3177 viderem
1226 3124 1308 3197 louge
1327 3124 1356 3178 b.
1374 3124 1394 3179 l.
1414 3140 1496 3199 prae-

177 3215 266 3253 stare:
299 3205 357 3272 ipre
382 3199 488 3254 Tullius
511 3200 626 3252 videbat
650 3200 776 3254 homines
803 3214 835 3252 ee
862 3196 1032 3262 deriderem,
1051 3217 1121 3253 nou
1146 3199 1300 3254 desiderare
1324 3199 1494 3255 videbantur

176 3272 330 3328 dumtaxat.
367 3276 439 3329 Deio
458 3279 621 3347 exquisitior
638 3289 776 3329 structura
795 3274 983 3346 eircmnstreere
1002 3273 1111 3326 divitiis
1129 3274 1211 3329 facile
1223 3275 1450 3348 corrumpebatur
1464 3280 1495 3330 ln

175 3348 326 3422 strigorem.
363 3349 403 3421 (1)
430 3372 468 3408 =
495 3369 614 3420 unquam
641 3352 715 3422 expl.
743 3369 771 3422 p.
791 3353 836 3404 Cr.
855 3350 888 3403 V.
907 3349 950 3402 M.
971 3349 1029 3402 Me.
1048 3350 1081 3403 L.
1100 3352 1132 3405 P.
1150 3380 1189 3392 -
1216 3367 1271 3404 orn.
1290 3367 1409 3421 unquam
1428 3352 1493 3405 Bae.

175 3430 228 3491 (z
245 3444 331 3495 neque
349 3433 405 3478 rat.
427 3424 470 3500 L.)
515 3425 552 3492 (1)
571 3453 608 3468 -
626 3443 660 3476 ea
679 3426 768 3477 solum
785 3443 856 3495 quoe
874 3423 900 3478 lr.
921 3421 990 3477 Cdd.
1010 3422 1074 3496 aliq.
1094 3443 1121 3496 p.
1141 3425 1188 3480 Gr.
1208 3426 1249 3479 Μ.
1269 3427 1327 3479 Ma.
1346 3426 1377 3479 L.
1397 3428 1428 3481 P.
1448 3431 1493 3494 (nr

175 3517 239 3563 nos,
258 3502 291 3555 V.
309 3506 336 3560 5.
355 3498 450 3574 Seqq.)
487 3499 526 3568 (⁷)
545 3530 579 3543 -
599 3500 744 3552 imbecillia
763 3516 787 3552 a.
809 3501 867 3552 vM.
885 3525 924 3543 ·-
942 3506 971 3550 el
990 3498 1125 3551 imbecilla
1142 3500 1172 3557 P.
1210 3498 1248 3574 (⁸)
1268 3499 1316 3554 stu
1335 3498 1403 3554 Cdd.
1423 3505 1493 3556 uoti.

175 3572 337 3630 Defendunr
357 3594 388 3628 ex
408 3592 485 3650 parre
505 3575 609 3629 Oehm.
628 3593 655 3649 p.
674 3580 740 3636 284.
760 3589 787 3629 et
806 3573 889 3646 Borg.
933 3579 1063 3628 attamen
1081 3575 1209 3629 similiter
1229 3575 1333 3629 Parati.
1351 3579 1385 3641 6,
1404 3578 1427 3643 §.
1447 3578 1494 3636 ltu.

175 3651 242 3715 illa,
260 3669 329 3721 queue
344 3660 409 3702 sunt
418 3656 552 3724 pecuniae
565 3651 630 3702 ven.
646 3667 674 3703 er
688 3653 767 3704 Here.
787 3666 801 3701 e
820 3648 904 3721 glore.
924 3646 1042 3702 habeut:
1061 3678 1100 3691 -
1114 3656 1247 3722 pecuariae
1265 3650 1405 3703 membra:
1426 3669 1495 3723 quo·
1604 3654 1608 3663 '

175 3730 252 3780 cirea
277 3743 329 3797 ego
355 3743 419 3780 enm
439 3722 602 3781 Gernherdo
622 3725 670 3798 [].
694 3741 732 3778 ω
753 3729 888 3796 pecuniae
912 3723 1035 3775 membra
1052 3725 1087 3780 N.
1106 3724 1119 3797 [
1132 3726 1154 3811 J.
1180 3726 1214 3779 de
1235 3725 1324 3780 Beotl.
1344 3731 1493 3787 tententia.

176 3828 217 3844 ι-
232 3805 366 3872 pecuniae
384 3820 498 3853 mernere
517 3800 582 3854 Seh.
603 3799 632 3854 F„
653 3806 694 3864 2.,
722 3798 796 3872 quod
821 3804 867 3853 rix
890 3799 1027 3853 Latinum.
1050 3828 1088 3844 -
1107 3801 1250 3871 sommae
1268 3814 1385 3852 nutriero
1403 3800 1495 3854 Peerl·

177 3876 283 3950 kempii
308 3894 382 3950 susp.
407 3878 479 3932 Bill.
507 3881 572 3931 erit.
599 3894 663 3927 nov.
692 3881 726 3939 5,
756 3893 783 3948 p.
811 3879 875 3932 itti.
901 3890 998 3946 perum
1024 3873 1186 3947 probabilis.
1229 3876 1292 3929 Hoc
1319 3890 1415 3949 optare
1440 3891 1493 3941 eet,

178 3969 235 4004 nou
263 3953 416 4005 emendare.
465 3951 504 4019 (⁹)
529 3979 568 3993 -
591 3952 650 4002 solo
674 3949 760 4002 uerbo
785 3949 817 4004 B.
843 3966 871 4023 p.
897 3965 923 4004 e.
947 3953 991 4003 Cr.
1017 3950 1059 4003 M.
1087 3950 1145 4004 Ma.
1193 3948 1243 4024 (¹⁰)
1269 3966 1307 4002 uo
1327 3955 1494 4021 putaverint

177 4027 237 4079 eM.
283 4028 333 4092 (11)
358 4057 396 4071 -
421 4045 475 4080 orn.
501 4027 584 4095 lunge
604 4026 658 4079 Gn.
676 4026 735 4080 vM.
779 4022 829 4099 (¹²)
848 4034 998 4095 -potest
1016 4031 1089 4077 enim
1107 4026 1207 4078 bearem
1226 4025 1269 4079 M.
1289 4025 1347 4080 Me.
1385 4024 1437 4100 (¹³)
1455 4056 1494 4069 ·-

177 4106 268 4152 inesse
287 4102 317 4154 Β.
338 4104 396 4156 νΜ.
434 4103 488 4175 (¹⁴)
506 4130 542 4145 -
561 4110 592 4153 ut
611 4099 729 4172 improbi
746 4102 808 4154 Bes.
828 4115 867 4153 ω
886 4109 917 4151 ut
935 4110 965 4152 et
984 4106 1064 4171 impr.
1085 4102 1141 4154 Ma.
1157 4099 1188 4153 L.
1228 4100 1279 4167 (¹⁵)
1296 4131 1334 4145 -
1353 4118 1410 4155 om.
1428 4102 1494 4156 lieet

177 4176 242 4231 ttae
280 4174 330 4251 (¹⁶)
350 4182 397 4230 Sic
416 4196 443 4251 p.
456 4178 489 4229 V.
508 4177 542 4231 t..
554 4178 591 4231 Ρ.
610 4199 646 4233 τ.
664 4180 726 4248 quis
745 4176 846 4229 Ceteri.
884 4175 1001 4230 Statim:
1020 4200 1054 4216 ·-
1073 4177 1144 4228 velit
1164 4177 1209 4229 Cr.
1229 4177 1271 4230 M.
1290 4177 1347 4229 Met.
1387 4174 1438 4252 (¹⁷)
1456 4191 1495 4232 eo

178 4268 237 4304 om.
257 4258 351 4304 tamen
370 4253 421 4307 Cr..
438 4254 476 4306 tt.
498 4252 556 4306 Me.
577 4253 653 4324 prob.
673 4251 709 4305 G.
746 4251 805 4323 Ego
825 4250 872 4324 [].
893 4278 927 4293 -
948 4268 1005 4313 om.
1031 4259 1131 4303 tantem
1150 4269 1221 4304 vere
1240 4253 1304 4305 Bae.
1332 4257 1380 4320 (-
1400 4258 1494 4305 oratio

178 4324 224 4399 L.)
251 4325 313 4400 (¹⁸)
338 4334 374 4371 4
399 4328 476 4379 illum
502 4328 572 4378 bonu
592 4329 653 4380 Ber.
673 4327 706 4379 Ε.
724 4326 772 4380 Cr.
791 4327 832 4378 M.
854 4328 887 4380 L.
907 4328 938 4381 P.
958 4330 1028 4393 (oon
1048 4345 1076 4395 p.
1096 4327 1142 4394 V.)
1179 4325 1296 4400 (1⁹)stc
1316 4327 1347 4381 L.
1367 4334 1394 4386 1.
1413 4335 1439 4382 2.
1458 4327 1500 4384 N.

177 4421 216 4459 ⁶:
233 4408 295 4474 quir
313 4403 417 4457 Ceteri.
454 4404 504 4469 (11)
521 4426 560 4460 =
577 4420 626 4454 nec
645 4420 703 4453 non
721 4403 754 4455 Β.
767 4404 829 4456 Bae.
842 4402 876 4456 Β.
889 4421 915 4475 p.
935 4418 961 4456 u.
981 4403 1012 4454 V.
1035 4401 1075 4455 Μ.
1094 4403 1153 4455 Ma.
1171 4401 1203 4454 L.
1223 4403 1253 4455 P.
1291 4399 1342 4476 (11)
1360 4430 1398 4444 -
1415 4403 1495 4455 ilium

117 4484 122 4493 ’
176 4466 626 4549 eap.E.(-'-illumla1ul.eap.
649 4475 721 4550 das.)
765 4476 816 4551 (11)
835 4506 872 4521 -·
890 4482 964 4530 irater
989 4484 1095 4548 septem
1114 4480 1145 4530 Β.
1165 4477 1224 4530 Ma.
1243 4502 1281 4519 ·-
1299 4482 1495 4549 incorreptum

177 4558 321 4623 supienter
337 4553 385 4613 Cr.
406 4555 447 4608 M.
486 4552 593 4628 (11)-
611 4570 666 4606 orn.
686 4552 805 4603 Prienen
824 4553 888 4607 Bm.
909 4559 957 4620 (=
968 4554 1100 4606 Prienam
1111 4570 1139 4623 p.
1155 4554 1203 4616 tt)
1234 4551 1285 4617 (2¹)
1304 4578 1341 4596 -·
1359 4558 1496 4624 repausent

178 4626 273 4680 lroates
292 4628 349 4680 vM.
387 4628 447 4697 (¹⁵)
464 4658 500 4671 -
524 4629 613 4680 multu
638 4629 672 4680 de
693 4632 752 4678 rats
771 4627 813 4680 rei
830 4628 934 4681 multae
952 4628 985 4681 de
1003 4633 1062 4679 eutr
1080 4626 1161 4679 rebus
1179 4626 1212 4680 L.
1232 4643 1325 4701 sutpp.
1344 4644 1369 4679 r.
1389 4627 1495 4682 Oehsn.
1561 4692 1565 4699 ι

172 4702 238 4767 ιΙῑιι
264 4722 291 4776 p.
312 4707 376 4761 285.
421 4703 472 4772 (11)
497 4720 535 4757 uo
560 4721 616 4757 our.
640 4721 732 4755 murae
749 4703 783 4756 Β.
803 4705 864 4757 Bes.
884 4703 939 4759 Go.
958 4707 991 4757 V.
1011 4702 1104 4756 Beati.
1149 4703 1200 4769 (11)
1225 4728 1262 4746 ·-
1286 4707 1345 4773 ipse
1371 4701 1444 4754 idem
1461 4703 1496 4771 Β.

179 4774 223 4850 (ut
246 4784 290 4829 itu
308 4776 375 4849 sac.
395 4779 428 4833 Β.
445 4788 479 4830 ue
496 4778 569 4831 idem
588 4781 656 4850 jae.
677 4776 745 4850 Gu.)
784 4778 834 4846 (11)
855 4776 902 4833 ste
924 4783 956 4833 V.
977 4779 1013 4832 G.
1033 4777 1112 4851 prob.
1130 4777 1235 4832 Oeneo.
1254 4794 1292 4832 =.·
1310 4778 1373 4828 rr'tea
1391 4796 1495 4833 meeum

173 4862 261 4924 porto
278 4854 312 4908 Β.
330 4854 395 4908 Bas.
420 4873 448 4928 p.
474 4870 499 4907 a.
519 4858 565 4909 Cr.
586 4856 626 4908 M.
646 4854 705 4912 Ma.
724 4854 757 4908 t.
776 4855 812 4911 Β.
829 4874 868 4914 :2
891 4861 1054 4927 ruoperto
1073 4870 1178 4908 mecum
1193 4855 1227 4909 Ρ.
1240 4855 1274 4914 Β.
1293 4858 1321 4911 l.
1342 4859 1370 4911 2.
1384 4849 1496 4930 N.'(·-
1527 4916 1531 4921 Ι

179 4946 241 4982 mea
259 4948 363 4983 mecum
380 4939 497 5003 asporto
516 4928 585 5003 Ge.)

602 5192 613 5235 l
