3384 5359
556 258 834 326 suntnnvu
857 260 923 326 nn
946 259 1142 326 Tuscus.
1303 234 1320 348 f
1444 263 1509 330 aut
1595 209 1625 320 ‚'

191 403 286 456 initiis
306 403 413 473 inspexi
433 399 576 453 luminam
595 404 661 456 anni
683 389 766 461 1508.
799 404 954 456 Parisinam
974 401 1015 455 io.
1035 402 1137 463 Periti,
1157 401 1202 455 Δῖ.
1223 403 1304 461 1511.
1337 403 1522 476 argentinen-

158 469 166 481 ’
190 493 256 532 scm
281 481 311 530 in
336 479 450 532 Scureri
476 473 588 528 officina
614 491 739 528 curatam
765 477 913 535 insitii.
952 474 1081 534 Aldinam
1102 480 1145 529 rii.
1167 480 1249 538 1525.
1276 493 1304 530 ιι
1325 479 1438 533 Roberti
1459 480 1521 534 Ste-

189 553 281 682 phani
301 556 345 607 si.
365 550 449 626 1515.
475 550 601 604 Colinasi
620 553 709 606 Paris.
732 555 829 614 151111
851 552 883 605 de
903 570 1017 626 quarum
1037 551 1153 631 singulis
1173 556 1289 606 seorsim
1310 570 1353 609 est
1372 552 1520 610 dicendum

215 632 325 682 rariter.
801 675 807 681 .
1094 651 1097 670 1

270 707 395 766 Veneta,
417 702 495 766 mihi
515 706 603 775 prima
630 700 721 768 dieta,
751 718 848 754 excusa
874 717 915 755 cst
938 703 1107 767 Αο.1’180.,
1135 706 1182 772 qui
1203 717 1289 755 annus
1310 708 1338 755 in
1358 704 1434 758 calce
1454 703 1518 760 libri

188 793 307 856 notatus
325 793 384 838 est;
405 792 556 830 ceterarum
575 793 703 830 notarum
725 777 795 830 nihil
816 776 966 849 quidquam
987 776 1025 829 ibi
1047 792 1170 849 apparet.
1200 777 1249 830 Est
1271 793 1363 832 tamen
1383 780 1518 833 excellens

190 853 296 914 editio;
326 851 477 925 splendidis
502 855 608 906 chartis
635 860 777 926 typisque,
805 870 835 906 ut
862 853 937 905 oeuii
963 857 1021 905 eius
1047 852 1283 925 contemplatione
1310 859 1354 906 vir
1373 861 1518 922 satientur,

189 945 367 1000 nequeasque
387 945 442 980 non
462 933 557 981 mirari
578 945 609 981 ea
629 945 728 992 aetate,
747 932 775 980 in
796 929 994 1000 typographiae
1013 933 1102 982 initiis
1124 933 1245 1000 potuisse
1266 947 1334 1000 opus
1358 946 1398 983 tot
1420 937 1519 984 tantis-
1579 929 1582 950 ’

191 1023 247 1078 que
267 1002 437 1056 cumulatum
457 1009 629 1056 ornamentis
648 1023 681 1056 es
701 1003 820 1056 ollicinis
841 1021 991 1074 emergere.
1030 1004 1137 1057 Graeca
1162 1007 1213 1075 ipsi
1231 1008 1328 1056 insunt
1349 1022 1436 1078 paens
1457 1006 1519 1059 ubi·

190 1098 262 1151 que;
282 1077 355 1150 quod
375 1094 438 1130 raro
457 1097 508 1132 usu
530 1085 604 1132 venit
625 1085 653 1131 in
673 1079 752 1132 libris
774 1079 846 1130 iilius
868 1083 981 1139 aetatis;
1002 1096 1086 1150 eaque
1107 1084 1178 1151 typis
1199 1078 1367 1150 elegantibus
1382 1097 1518 1153 expressa.

190 1153 248 1209 Sed
268 1171 337 1224 quae
357 1157 477 1205 maxima
496 1154 555 1206 laus
576 1171 617 1208 ιιι
638 1156 718 1208 hnins
739 1152 888 1219 editionis.
914 1169 989 1207 easta
1009 1170 1040 1205 ea
1060 1170 1118 1219 est,
1145 1170 1172 1207 ιι
1193 1152 1227 1204 ab
1247 1153 1384 1208 editorum
1405 1161 1517 1209 inscitia

189 1247 223 1284 et
240 1228 357 1284 libidine
377 1228 500 1282 nondam
520 1234 720 1285 contaminata.
767 1231 838 1282 Cum
861 1246 891 1282 ea
910 1245 1035 1282 nostram
1057 1231 1128 1281 hanc
1147 1230 1252 1282 contuli
1273 1246 1288 1281 a
1310 1247 1370 1302 cap.
1390 1236 1436 1292 35.
1461 1229 1518 1284 lere

189 1324 226 1359 ea
245 1304 319 1377 lege,
339 1319 370 1355 nt
389 1308 414 1357 si
434 1303 568 1374 quidilla
587 1305 623 1356 ab
643 1306 694 1358 hac
714 1304 901 1377 discreparet,
922 1302 993 1374 quod
1014 1303 1124 1375 quidem
1145 1320 1267 1356 autnon
1287 1311 1371 1358 nimis
1393 1306 1519 1378 putidum

189 1395 267 1435 esset
285 1394 427 1445 annotare,
446 1395 493 1433 aut
512 1397 571 1432 non
590 1386 734 1453 perspicue
754 1385 896 1443 vitiosum,
917 1379 943 1432 id
964 1396 1116 1434 enotarcm.
1145 1381 1208 1447 Quo
1222 1378 1326 1434 lactum
1347 1398 1405 1434 esse
1425 1386 1518 1454 suspi-

189 1473 253 1521 cor,
275 1471 305 1507 ut
323 1460 513 1527 praeterierim
532 1454 650 1508 fortasse
670 1474 726 1509 non
747 1472 843 1532 pauca,
865 1461 894 1509 in
913 1454 1012 1525 quibus
1032 1473 1117 1525 quum
1130 1456 1234 1507 Veneta
1248 1456 1326 1522 haec,
1345 1461 1434 1530 prima
1448 1458 1518 1511 mibi

188 1529 285 1594 dicta,
312 1546 377 1582 cum
396 1529 493 1585 codiee
512 1532 678 1585 Ernestiano
704 1537 888 1595 consentiret,
917 1546 1024 1584 ceterae
1046 1547 1138 1583 tamen
1159 1545 1205 1582 not
1226 1547 1321 1584 omnes
1342 1548 1388 1584 aut
1411 1532 1518 1602 aliquae

188 1604 371 1659 dissentiunt.
417 1604 471 1659 Sed
500 1609 562 1675 quis
589 1622 659 1658 unns
686 1606 786 1671 homo,
815 1613 893 1659 socio
919 1605 1046 1659 laborum
1072 1604 1238 1671 destitutus,
1266 1610 1296 1659 in
1323 1621 1400 1662 tauta
1426 1625 1524 1661 rerum>
1594 1613 1596 1617 '

187 1687 273 1754 copia
294 1679 417 1733 observet
437 1684 553 1738 omnini
582 1682 624 1735 Ne
644 1681 717 1735 volui
739 1679 859 1754 quidem.
885 1689 888 1693 “

267 1757 371 1810 Veneta
390 1758 458 1809 mihi
478 1755 598 1810 secunda
619 1755 708 1823 diota,
734 1773 799 1810 nam
820 1762 849 1810 in
869 1757 965 1822 libris,
994 1773 1111 1828 quorum
1138 1756 1209 1808 mibi
1235 1761 1317 1830 copia
1344 1755 1518 1831 suppetebat,

187 1846 222 1884 ιιι
242 1831 290 1883 ilia
309 1835 410 1904 prima,
428 1837 470 1886 sic
488 1833 557 1885 baec
577 1830 695 1906 secunda
714 1849 783 1898 erat,
803 1834 872 1886 haec
887 1838 972 1904 igitur
991 1830 1111 1885 secunda
1132 1831 1172 1884 illi
1194 1837 1298 1904 primae
1319 1834 1409 1885 modis
1429 1837 1519 1885 omni·
1591 1845 1593 1848 ·

187 1906 242 1962 bos
261 1905 451 1972 concedebat,
479 1923 510 1959 ut
535 1924 601 1979 prae
627 1907 673 1960 iila
693 1907 824 1961 sorderet.
865 1911 956 1961 Docte
976 1922 1069 1960 tamen
1089 1906 1199 1959 aliunde
1219 1906 1325 1961 videtur
1346 1925 1420 1968 ιιιις
1453 1924 1519 1960 nam
1579 1899 1583 1912 ¹

187 1998 273 2054 saepe
286 1978 334 2034 jab
359 1998 391 2034 ea
416 1982 484 2038 abit.
529 1990 553 2038 Α
577 2001 633 2054 quo
659 1998 751 2036 autern
778 2000 806 2036 et
833 1983 897 2048 illa,
926 2000 954 2037 et
980 1983 1067 2046 haec,
1096 1999 1124 2036 et
1150 2000 1232 2052 quam
1260 2002 1327 2037 mor
1352 1988 1435 2038 tertio
1455 1982 1519 2036 loco

185 2056 432 2125 commemorabo,
467 2056 685 2112 Mediolanensis
720 2064 809 2132 prima
838 2064 876 2113 sit
905 2072 1017 2122 curata,
1050 2058 1125 2109 nulle
1156 2063 1233 2128 potui
1263 2076 1329 2113 nota
1359 2075 1519 2131 agnoscere.

186 2134 265 2188 llaec
296 2131 407 2204 quidem
439 2137 541 2186 Veneta
575 2139 729 2207 posterior,
770 2150 839 2188 teste
878 2133 1101 2204 subscriptione,
1140 2135 1262 2186 Venetiis
1301 2149 1342 2188 est
1382 2133 1519 2190 absoluta.

186 2211 224 2264 Δ.
244 2209 536 2264 MCCCCLXXXXL
561 2215 664 2262 mensis
690 2210 852 2262 Decembris
879 2207 924 2262 die
951 2225 1063 2280 quarta,
1090 2223 1118 2262 et
1143 2208 1305 2262 adiunctum
1331 2208 1414 2262 babet
1441 2225 1520 2262 com-

185 2287 354 2338 mentarium
376 2288 586 2351 nesciocuius,
609 2282 734 2338 fortassis
755 2284 907 2338 Omniboni
928 2286 1078 2337 vicentini.

266 2358 416 2411 simillima
443 2359 509 2412 huic
534 2375 575 2414 ιιι
602 2358 689 2413 editio
715 2359 934 2414 Mediolanensis
961 2359 1024 2413 ideo
1050 2359 1122 2412 mihi
1150 2363 1240 2431 prima
1267 2357 1358 2423 dicta,
1388 2354 1463 2428 quod
1487 2362 1518 2412 iu

186 2448 324 2507 apparatu
356 2432 468 2506 quidem
499 2451 561 2488 meo
592 2440 682 2507 prima
716 2452 803 2501 esset,
855 2441 886 2490 Α.
917 2437 1000 2493 1191.
1032 2432 1159 2505 prodita,
1199 2432 1272 2505 quod
1303 2432 1518 2506 subscriptionis

186 2507 271 2562 docet
300 2510 368 2561 haec
398 2507 532 2564 formula:
564 2510 732 2581 impressum
757 2511 917 2562 Mediolani
938 2528 991 2580 prr
1016 2515 1187 2582 magistrum
1212 2508 1389 2565 Leonarrlum
1409 2506 1519 2560 Parin

186 2588 223 2642 A·
242 2584 1022 2642 MCCchxxxittV.anx111.nnnsrsstirnara.
1071 2584 1211 2638 Editionis
1238 2586 1319 2637 huius
1346 2600 1410 2636 cum
1436 2601 1518 2656 supe-

184 2663 261 2713 rlore
281 2661 385 2713 Veneta
406 2657 526 2711 secunda
545 2676 631 2733 paene
650 2665 817 2713 conueniunt
838 2664 952 2725 omnia,
972 2662 1103 2731 paginae,
1124 2677 1234 2725 versus,
1255 2660 1384 2724 chartae,
1414 2675 1459 2723 et,
1487 2663 1516 2711 in

187 2752 243 2806 quo
264 2740 415 2787 maximam
437 2739 509 2787 inest
529 2752 714 2796 momentum.
737 2739 820 2797 ritia;
841 2751 871 2788 ut
891 2734 971 2805 piano
990 2735 1060 2787 haec
1079 2753 1112 2787 ex
1131 2735 1178 2788 illa
1199 2734 1282 2789 ducta
1302 2733 1428 2789 rideatur
1447 2751 1515 2787 esse.

186 2812 294 2863 Graeca
315 2815 353 2863 in=
371 2809 504 2878 ambabus
524 2812 630 2865 Latinis
655 2811 745 2863 literis
770 2827 836 2864 sunt
863 2826 1004 2882 expresaa3
1036 2815 1145 2884 saepius
1173 2812 1270 2865 ambae
1297 2815 1375 2884 peius
1402 2809 1516 2875 habent,

186 2901 270 2956 quam
291 2890 394 2937 Veneta
415 2890 520 2957 prima,
541 2903 602 2938 raro
624 2886 732 2941 melius.

261 2959 316 3013 Sed
335 2965 407 3013 inter
428 2976 547 3013 vetustas
569 2962 712 3014 Ciceronis
731 2960 868 3014 editiones
889 2964 1028 3033 principes
1055 2975 1097 3013 est
1123 2959 1190 3027 illa,
1219 2976 1289 3033 quae
1315 2959 1386 3012 mihi
1406 2957 1517 3013 Medio-

184 3033 307 3088 lanensis
326 3034 446 3088 secunda
466 3034 539 3088 dicta
560 3053 617 3098 ιιι,
646 3041 674 3088 in
701 3038 754 3088 hoc
781 3035 893 3107 quidem
911 3035 1023 3103 libello,
1050 3034 1204 3089 Mediolani
1225 3039 1258 3089 Δ.
1279 3037 1362 3093 1198.
1382 3050 1398 3084 8
1419 3035 1516 3086 Minu-

184 3116 264 3165 tiano
284 3127 397 3176 curata,
416 3109 575 3183 grandibus,
596 3110 765 3184 splendidis,
785 3129 812 3165 et
834 3113 867 3164 ad
890 3129 1003 3163 ornnem
1022 3110 1102 3184 plane
1123 3112 1357 3183 magnificentiam
1377 3114 1518 3182 composi-

184 3191 223 3239 tis
250 3186 407 3257 chartisque
435 3190 577 3259 typisque,
606 3192 684 3239 cuius
712 3193 823 3261 copiam
843 3188 914 3239 mibi
934 3185 1002 3239 lecit
1022 3163 1167 3238 Erneslins
1187 3201 1298 3249 noster,
1324 3184 1358 3238 V.
1377 3187 1410 3238 C,
1447 3184 1515 3237 Eius

183 3262 321 3314 volumini
342 3266 450 3334 primo,
470 3261 543 3331 quod
563 3279 646 3334 opera
665 3259 862 3335 complectitur
881 3263 1037 3325 rhetorica,
1056 3260 1188 3333 explicito
1207 3259 1280 3313 hane.
1299 3256 1445 3312 alliserunt
1463 3277 1515 3312 no·

183 3352 259 3390 tam:
278 3338 389 3389 Horum
406 3354 530 3408 opernm,
550 3356 617 3409 pisae
637 3337 754 3389 ele-aris
775 3339 874 3391 Cicero
893 3342 1070 3406 conscripsit,
1088 3344 1116 3388 et
1136 3335 1176 3387 ad
1194 3334 1266 3387 hanc
1285 3352 1370 3406 usqne
1390 3343 1515 3387 aetatem

180 3421 389 3483 pervenerunt,
420 3413 583 3464 Alexandri
603 3412 761 3466 Minatium·
779 3414 918 3466 oblocutio
936 3409 1021 3481 fnit,
1047 3409 1210 3462 redemtum
1231 3410 1422 3462 Guielmornm
1432 3408 1513 3481 sra-

182 3496 270 3541 trum.
307 3487 433 3541 Librarii
452 3486 568 3559 opifices
583 3485 766 3557 perfecerunt
786 3488 944 3540 Mediolani
964 3491 997 3539 A.
1016 3485 1369 3540 mcccclxxxxvlli,
1388 3489 1418 3536 ln
1436 3486 1515 3554 legi·
1563 3537 1565 3544 ,

94 3571 99 3580 '
183 3568 255 3614 timo
278 3562 414 3616 Ludovici
439 3564 490 3616 SF.
536 3564 628 3631 Angli
650 3568 790 3634 principis
813 3566 1018 3636 sapientissimi
1044 3560 1156 3616 dreani.
1203 3559 1336 3614 Velamen
1362 3560 1514 3615 secundum

184 3637 367 3710 obsignarunt
393 3639 446 3689 ltac
473 3654 555 3690 nota:
583 3639 729 3711 Impressit
748 3638 913 3690 Alexander
932 3635 1115 3689 Mianiiarlns
1133 3654 1206 3688 nono
1226 3635 1372 3687 Kalendas
1391 3636 1516 3690 Decem·
1612 3683 1616 3696 ,

182 3713 249 3765 ires
269 3718 350 3774 1198.
369 3717 401 3764 in
418 3714 527 3765 incluta
546 3719 663 3765 civitais
682 3713 849 3766 Mediolano
868 3713 1006 3767 Lrsdovici
1023 3713 1141 3766 Mariae
1161 3711 1253 3779 Angli
1277 3711 1399 3779 legitimi
1424 3710 1516 3761 dima-

183 3797 233 3840 tus
251 3807 326 3839 anna
346 3794 442 3841 tertio.
481 3790 513 3841 In
535 3789 587 3841 hac
607 3775 730 3841 editione
750 3788 836 3841 multa
857 3805 921 3841 sunt
942 3804 1064 3841 veterum
1088 3785 1243 3840 editionum
1272 3785 1370 3842 menda
1397 3785 1515 3839 sublata.

181 3859 370 3920 coniunxerat
390 3881 490 3934 nempe
511 3862 665 3917 Alexander
684 3865 860 3917 Minutianus
887 3880 950 3915 eum
979 3879 1037 3914 arte
1065 3862 1265 3935 typographica
1293 3860 1435 3914 doctrinae
1461 3859 1517 3913 els-

182 3944 324 4012 gantiam,
342 3940 515 4010 literas.ipse
536 3944 564 3991 in
584 3941 740 4010 Gymnasio
763 3938 963 3993 Mediolanensi
986 3935 1137 4011 professus.

258 4015 336 4066 Hanc
346 4013 502 4068 sditionem
513 4014 593 4086 piane
607 4013 640 4066 ad
655 4033 775 4086 unguem
788 4020 921 4085 expressit
938 4009 1064 4067 Parisios
1077 4032 1091 4066 e
1106 4014 1148 4066 lo.
1162 4013 1246 4065 Potiti
1261 4007 1372 4063 oliiciua
1386 4013 1419 4063 Δ.
1435 4015 1516 4069 1510.

181 4087 308 4163 prodita,
327 4106 408 4161 quem
427 4106 571 4162 propterea
591 4107 677 4162 paene
697 4107 837 4159 nunquam
857 4108 926 4162 opus
946 4087 1035 4142 luerat
1052 4092 1213 4152 nominare,
1232 4100 1295 4158 post
1315 4085 1392 4139 illam
1406 4086 1518 4139 Medio-

179 4164 334 4218 lanensem.
373 4166 429 4218 Hae
449 4183 546 4232 omnes
564 4163 624 4218 lolii
645 4164 773 4236 explicati
793 4163 882 4217 lorma
903 4174 966 4216 suni
981 4181 1105 4218 excusae.

257 4242 385 4293 Proxime
405 4245 530 4310 sequitur
548 4245 577 4292 in
598 4241 714 4312 copiolis
734 4233 843 4312 quidem
865 4245 933 4292 meis
954 4240 1127 4302 Florentino,
1146 4253 1160 4287 a
1178 4237 1309 4309 Philippo
1328 4237 1433 4291 Giunta
1454 4252 1519 4306 pro·

181 4312 656 4377 ditaA.1508.inlormaoctaua;
678 4316 725 4367 illa
746 4321 799 4368 iani
820 4334 875 4368 non
892 4331 971 4377 raro,
992 4311 1064 4368 haud
1085 4317 1144 4365 scio
1164 4329 1245 4381 qnam
1262 4312 1350 4376 beno,
1371 4328 1386 4363 a
1401 4313 1517 4364 vetustis

180 4392 315 4463 exemplis
328 4390 495 4445 desciscens.
534 4393 622 4444 Lucas
638 4391 724 4456 linbia
739 4392 910 4462 Hieronymo
924 4394 1074 4443 Benirenio
1088 4405 1149 4441 cam
1165 4392 1316 4462 inscripsit.

258 4472 514 4538 Argentoratensis,
534 4467 608 4536 quod
621 4466 790 4537 subscriptio
804 4466 921 4528 indicat,
939 4468 1116 4534 Argentorati
1130 4468 1157 4515 in
1170 4463 1284 4518 aedibus
1297 4462 1433 4516 Matthiae
1448 4460 1517 4512 Scu-

180 4546 237 4595 reri
256 4546 286 4594 1.
303 4546 382 4598 1519.
398 4546 427 4596 ln
446 4541 533 4595 loruta
547 4541 764 4614 quadriplicata,
784 4559 838 4593 nou
854 4556 939 4592 uuum
953 4546 1078 4611 sequitur
1099 4538 1270 4610 exemplum,
1290 4556 1346 4589 non
1363 4540 1515 4592 lilinutiani
1545 4595 1546 4598 Ἴ

181 4634 308 4688 semper,
328 4633 494 4687 quamquam
515 4621 569 4670 hoc
591 4618 702 4689 quidem
722 4633 752 4670 ut
774 4616 940 4688 plurimum,
960 4634 1048 4687 neque
1069 4616 1160 4668 Lucae
1178 4614 1297 4674 iiobine,
1317 4612 1364 4665 sed
1378 4612 1461 4664 habet
1475 4614 1518 4661 in-

180 4692 288 4745 terdum
301 4693 434 4754 lectiones
450 4697 544 4744 nescio
558 4711 612 4764 qao
626 4697 661 4743 ab
674 4708 787 4745 auctore
801 4690 958 4762 prolectas,
979 4707 1007 4744 et
1027 4708 1142 4763 quarum
1165 4688 1244 4743 fidem
1265 4706 1405 4761 praestare
1420 4686 1516 4749 nolim,

179 4772 345 4839 supermltes
369 4783 461 4824 ιιιιιιιι
483 4769 544 4821 ilios
568 4766 724 4822 adhucdum
746 4774 850 4822 nostris
873 4775 902 4821 in
925 4767 1005 4820 libris
1024 4767 1191 4839 vulgaribus.
1231 4765 1286 4833 Qui
1309 4781 1370 4816 eam
1394 4766 1517 4825 curarit,

181 4839 255 4898 idem
275 4859 303 4899 ιι
329 4842 500 4919 praelatione
522 4848 654 4899 instruxit
670 4839 873 4919 Guolpbangus
893 4847 949 4912 (sio
963 4861 1043 4898 suam
1059 4859 1164 4898 nomen
1187 4846 1246 4915 ipse
1262 4841 1396 4904 exaravit)
1414 4839 1517 4909 Augeat
