3384 5359
223 274 287 339 306
799 269 972 339 REISKE
1057 279 1060 286 ’

259 415 340 469 Cer.
361 419 408 472 to.
436 410 608 486 reliqneiere
621 397 735 486 singoli]
761 410 1149 487 reliqua'verofereetnguti
1170 367 1338 468 Med'Seor.
1352 371 1556 466 Ceteritdeeee
1663 395 1664 398 ¹

221 507 302 544 vero.
339 490 374 541 ln
396 490 485 559 vulgo
504 487 666 548 subauditur
687 488 794 544 dieunt.
833 489 950 545 Mallem
970 507 1068 562 porro:
1090 497 1123 540 ut
1143 489 1234 539 multa
1255 488 1336 540 multi
1354 495 1423 540 ante
1440 495 1556 540 veteres

122 613 123 622 ,
220 566 282 621 reil.
302 561 440 631 dixerunt,
462 566 517 618 hoe
535 580 577 617 eet
601 564 719 637 exempli
742 580 825 621 00000
845 565 928 619 multi
948 579 1151 630 veromente,
1175 581 1225 617 ten
1245 562 1349 616 dudum
1373 578 1439 617 ente
1454 577 1554 616 noetre

221 657 365 715 temporo,
383 639 512 693 dixerunt
534 638 635 694 multe'e
655 639 776 694 divertat
797 640 941 694 demente
960 645 1122 694 tententiae.

297 713 451 789 quondam,
480 714 553 768 velut
573 720 602 769 in
622 719 717 785 cantu]
745 732 807 788 poet
823 717 964 787 quandam
984 714 1136 771 eemicolon
1158 710 1270 767 exhibet
1289 710 1332 767 ed.
1351 711 1428 768 Med.
1452 711 1553 784 Steph.

223 791 283 848 Col.
299 808 326 845 et
344 807 476 864 punctum
492 790 604 854 Aldine,
625 790 696 844 unde
711 789 813 863 colligo
827 790 949 844 medium
962 790 1111 846 secandum
1125 806 1183 842 eene
1197 806 1258 844 roe.
1270 789 1349 842 velut
1364 787 1430 842 door
1445 791 1473 840 in
1487 804 1554 860 par·

220 882 278 933 tet,
299 881 325 924 et
336 871 375 920 eie
387 864 614 919 conformandum
628 865 738 924 locum:
760 867 917 938 quoniame
934 869 985 920 uel
1001 867 1121 933 (eeitioet
1138 863 1306 919 attriverit·
1326 867 1350 917 ei
1366 863 1471 918 dietum
1490 880 1554 916 ma·

221 942 255 998 110
305 950 337 993 ut
353 951 450 995 cautu.
620 995 627 1008 x

256 948 400 1086 >Η000100]
427 1015 700 1072 modoeMed.1nnt.
715 1015 795 1070 Sour.
817 1023 912 1068 motus
927 1014 983 1069 Ait.
1000 1013 1096 1088 Steph0
1109 1014 1169 1068 eol.

296 1091 370 1167 quod
390 1097 480 1165 iprum
500 1091 579 1164 quale
599 1107 686 1159 eeset,
706 1107 765 1145 eret
787 1092 875 1145 multo
897 1095 961 1146 ante
976 1106 1004 1145 et
1023 1089 1129 1144 dietum
1147 1106 1174 1144 et
1194 1088 1400 1161 explanetome
1422 1089 1550 1160 Plutone]

221 1171 298 1224 Fore.
312 1168 386 1238 quod
397 1173 487 1238 ipsum
499 1175 563 1218 erat
580 1159 670 1219 multo
685 1176 751 1219 arete
764 1176 794 1219 et
809 1167 916 1219 dictum
928 1177 973 1230 et,
993 1167 1074 1238 quale
1084 1174 1174 1231 esset,
1193 1165 1377 1236 explanatum
1388 1184 1408 1215 a
1423 1164 1551 1222 Platone.

297 1260 379 1315 qoem
393 1248 432 1296 ait
445 1259 462 1294 a
475 1242 655 1312 Deucalione]
681 1250 726 1295 ait
744 1241 823 1296 ebert
838 1242 873 1294 ab
887 1241 929 1295 ed.
943 1245 1022 1298 Scor.
1037 1257 1065 1295 et
1077 1256 1169 1315 poteet
1184 1239 1331 1293 commode
1345 1240 1450 1294 obeeee.

259 1319 341 1373 Cir.
360 1324 406 1374 11.
431 1316 488 1371 fere
503 1322 628 1371 omnium
643 1319 676 1370 de
690 1322 797 1387 animo]
826 1323 948 1394 omnium
960 1316 1037 1371 deest
1050 1315 1093 1372 ed.
1108 1314 1224 1369 Mediol.
1251 1314 1303 1370 Sed
1318 1315 1421 1368 hebent
1431 1331 1550 1371 ceterae.

298 1394 332 1447 D.
353 1398 428 1446 enim
448 1410 488 1447 tn.
511 1392 625 1466 quidem
645 1393 722 1447 illum
741 1398 845 1464 virum]
871 1394 1066 1445 Democritum
1086 1392 1270 1457 camillum,
1289 1392 1552 1462 magnumqaidm

221 1474 315 1522 uirum
340 1467 418 1523 Med.
444 1469 520 1523 lunt.
549 1468 628 1526 Scor.
653 1470 850 1522 Democritum
872 1474 946 1521 enim
969 1486 1104 1538 magnum
1127 1466 1238 1539 quidem
1263 1466 1341 1519 illrun
1365 1472 1462 1519 virum
1486 1466 1551 1522 tid.

221 1544 320 1600 81010.
347 1543 408 1598 Col.

272 1563 368 1691 popud
389 1617 471 1689 ittet]
498 1615 1132 1689 αραά1110000000οΜιε1.1000.80001101,
1161 1615 1322 1688 apndirtos
1338 1617 1436 1691 Steph.
1451 1614 1515 1675 cot.

295 1694 507 1762 verisimillima]
533 1695 696 1745 verisimilis
713 1692 789 1748 Med.
803 1696 883 1749 Scor.
909 1693 1117 1745 verisimillima
1129 1693 1203 1746 10οῑ.
1217 1691 1281 1746 tte.
1295 1692 1464 1766 Steph.Col.

295 1773 319 1822 rt
335 1769 441 1842 ponet]
466 1774 492 1818 si
502 1766 575 1840 fieri
588 1779 686 1839 posset
705 1769 748 1822 ed.
763 1769 843 1824 Scur.
859 1767 928 1823 tole.

294 1860 336 1897 eet
356 1842 468 1897 difficile
488 1841 669 1915 confundere]
695 1860 842 1916 utrumque
861 1843 944 1898 timul
962 1860 1063 1918 agere,
1086 1839 1121 1895 de
1139 1838 1244 1896 tuaene
1263 1842 1345 1897 rebor
1361 1840 1461 1897 eodem
1480 1857 1551 1897 tem·

218 1935 288 1995 poro
309 1917 460 1973 desultorie
480 1934 606 1973 0000ῑο00.

295 1991 478 2065 diotertntur]
505 1992 676 2046 disseramus
695 1994 771 2049 Mei.
786 1992 938 2049 Senntld.
952 1993 1048 2066 Steph.
1062 1992 1121 2048 col.
1140 1992 1319 2044 disserantur
1337 1994 1413 2047 lunt.

295 2073 320 2122 ei
334 2076 425 2124 animo
437 2071 492 2136 ert]
518 2075 544 2120 si
561 2081 612 2121 atr
633 2079 677 2122 est
695 2069 771 2123 Med.
788 2072 865 2123 Seur.
880 2070 943 2124 tid.
961 2074 988 2120 ei
1007 2075 1104 2121 anima
1122 2078 1166 2120 est
1185 2071 1258 2122 lunt.
1277 2067 1373 2141 Ste'ph.
1391 2066 1456 2123 (201.

238 2183 241 2188 ι
295 2149 319 2197 ri
341 2162 382 2199 ert
403 2147 560 2199 Aristoxeni
577 2146 743 2218 harmonia}
753 2150 780 2196 si
797 2153 841 2197 est
861 2154 893 2195 ut
907 2146 1003 2215 piaret
1023 2147 1192 2195 Aristoxeni
1207 2143 1356 2196 harmonia
1367 2141 1446 2196 Med.
1468 2148 1494 2195 si
1506 2147 1551 2195 est

219 2221 392 2274 Aristoxeni
414 2220 562 2271 harmonia
582 2222 658 2276 lunt.
675 2218 732 2274 Ald.
752 2221 848 2292 Steph.
864 2220 926 2275 eoi.
964 2219 1017 2274 Sed
1036 2218 1164 2294 praefero
1178 2218 1251 2291 quod
1265 2234 1307 2273 eet
1321 2224 1350 2272 in
1369 2216 1413 2271 ed.
1426 2218 1506 2274 Sene.
1521 2222 1551 2270 ri

218 2304 280 2363 eet,
303 2306 334 2349 ut
343 2298 439 2368 placet
454 2298 644 2360 Aristoxeno,
664 2294 823 2347 harmonia.
879 2307 888 2326 t

295 2375 320 2425 ti
334 2387 360 2426 te
372 2369 445 2424 forte
459 2370 513 2423 hoe
525 2368 656 2442 delectat]
676 2376 701 2421 ei
712 2380 740 2423 te
742 2367 831 2441 forte
843 2368 912 2422 haee
925 2370 1068 2422 delectant
1088 2367 1165 2425 Med.
1184 2375 1210 2421 si
1223 2378 1252 2424 te
1263 2367 1314 2422 hoo
1325 2367 1414 2440 forte
1425 2368 1550 2421 delectat

219 2447 298 2505 8000.
318 2453 344 2498 si
364 2455 391 2498 te
403 2444 492 2517 sorte
510 2444 562 2498 leue
581 2446 704 2498 delectat
723 2447 798 2501 lunt.
815 2444 879 2499 eid.
895 2445 990 2518 Stepb.
1005 2445 1066 2500 Col.
1105 2447 1165 2519 Ego
1177 2443 1287 2518 quidem
1300 2462 1356 2497 non
1370 2444 1548 2517 improben-

220 2527 274 2576 ritn
290 2525 438 2576 tectionem
452 2519 539 2587 Med,
563 2519 631 2574 liaeo
654 2523 754 2579 ταῦτα
772 2521 880 2575 Graeco
902 2539 978 2573 more
1001 2538 1049 2595 pro
1068 2519 1128 2575 leoe.
1165 2523 1261 2574 Po'eeet
1283 2536 1391 2592 quoqne
1408 2518 1464 2591 legi
1482 2519 1548 2571 haee

219 2596 344 2724 50100001
366 2597 427 2652 0011.
453 2613 524 2669 uper.
563 2595 645 2667 Quod
665 2614 700 2650 ne
720 2613 969 2650 commemorarem
993 2593 1121 2667 quidem,
1148 2601 1204 2650 niti
1229 2611 1388 2667 requeretur
1411 2614 1456 2647 me
1479 2612 1549 2648 vero

240 2673 354 2726 eiectat.

295 2752 426 2820 quoniam
444 2765 480 2799 ne
498 2751 555 2800 sint
575 2745 699 2818 quidem]
727 2755 796 2798 runt
815 2744 891 2800 Med.
908 2745 988 2800 seur.
1004 2751 1065 2798 sint
1084 2748 1159 2800 lunt.
1179 2744 1240 2800 Ald.
1253 2745 1350 2820 steph.
1363 2743 1425 2799 Col.

295 2829 350 2876 1000
364 2823 448 2894 ietoc]
467 2840 533 2873 nam
549 2821 626 2877 Med.
643 2826 716 2876 lunt.
730 2821 811 2876 8000.
825 2820 959 2882 Ald.1iam
972 2822 1067 2893 Steph.
1081 2821 1143 2876 Col.

257 2899 336 2953 Cir.
357 2905 400 2955 12.
430 2902 550 2970 primum
563 2903 687 2964 animet,
707 2903 730 2952 ei
746 2900 835 2970 poteo]
860 2902 999 2969 primum,
1019 2902 1046 2947 ei
1054 2905 1165 2968 potest,
1185 2900 1295 2948 animos
1315 2895 1374 2949 tole
1387 2899 1464 2953 lunt.

293 2972 322 3027 id
335 2972 489 3044 obtinebit]
507 2973 539 3024 id
549 2971 627 3027 deest
641 2971 716 3027 Med.
731 2973 808 3030 Senr.
823 2971 885 3025 tle.
901 2972 989 3044 Habet
1001 2973 1075 3025 lunt.
1089 2972 1185 3046 Steph.
1199 2971 1260 3024 Col.

293 3053 366 3103 istnc
380 3054 483 3122 iprum]
502 3047 582 3100 istud
601 3047 676 3101 Med.
697 3049 734 3100 Et
751 3052 792 3100 eie
805 3065 931 3119 temper,
949 3046 1434 3119 0001001010οε00100010000000001.

293 3141 374 3196 qnam
388 3130 427 3177 vie
441 3123 578 3188 obtineri,
597 3127 653 3192 uti]
672 3128 801 3194 peremnis
813 3129 949 3193 optimam
961 3127 1004 3173 uti
1019 3123 1096 3176 Med.
1115 3127 1243 3194 preamvit
1252 3122 1394 3190 adtinere,
1413 3126 1457 3174 uti
1470 3123 1544 3177 lunt.

219 3196 300 3254 seur.
319 3205 447 3270 quamvis
460 3199 582 3251 obtineri
601 3197 661 3252 tid.
674 3198 769 3271 Steph.
785 3196 848 3251 Col.

294 3274 348 3329 hoo
364 3274 475 3343 melior]
501 3293 533 3327 eo
547 3274 643 3324 melius
657 3273 733 3328 Met.
748 3273 915 3328 10008000.
938 3270 989 3324 ltoo
1001 3272 1101 3323 melius
1116 3269 1179 3326 old.
1194 3270 1363 3346 StephtCol.

211 3383 215 3390 ·
293 3349 468 3422 inexpiabili]
487 3348 623 3421 expiabili
643 3347 719 3402 Med.
733 3347 795 3401 Ald.

294 3444 317 3478 r.
330 3441 358 3477 et
371 3442 459 3498 permr
477 3440 580 3478 tamen.
617 3424 659 3476 Ex
673 3424 739 3496 hoo]
759 3429 931 3475 retineretur
950 3429 979 3474 et
988 3429 1168 3488 permaneret
1183 3430 1288 3476 tamen.
1326 3419 1374 3472 Ea
1395 3419 1449 3474 Irae
1468 3421 1542 3479 Med.

219 3501 357 3551 retineret
370 3509 399 3551 et
408 3508 607 3570 permanerent
619 3507 733 3566 tamen,
749 3508 779 3550 et
791 3498 844 3551 leno
861 3502 933 3553 lunt.
961 3502 1094 3549 retineret
1106 3505 1135 3548 et
1144 3505 1324 3567 permaneret
1336 3505 1431 3548 tamen
1443 3519 1481 3552 ea
1491 3499 1542 3554 hae

217 3572 296 3629 terr.
316 3579 489 3626 retineretur
501 3583 530 3626 et
538 3584 718 3646 permaneret
730 3583 833 3628 tamen.
871 3574 919 3626 Ex
932 3572 983 3626 lioe
1001 3570 1063 3627 Ait.
1079 3574 1175 3644 Steph.
1188 3570 1247 3625 Col.

292 3649 447 3724 perlopeut]
466 3650 562 3721 lapsus
575 3647 651 3703 Med.
667 3650 819 3722 prolapsus
832 3650 906 3703 lunt.
920 3650 1000 3703 Scur.
1017 3649 1166 3719 perlapsus
1179 3646 1240 3700 Ald.
1255 3647 1350 3720 Steph.
1363 3644 1425 3699 Col.

293 3725 379 3779 Liber
396 3724 479 3789 deus,
499 3724 605 3777 Semele
618 3726 660 3792 n.]
679 3725 763 3778 Liber
779 3724 813 3776 de
828 3725 934 3777 Semele
952 3733 1038 3778 reaten
1055 3722 1131 3779 Med.
1149 3724 1224 3776 lunt.
1241 3723 1319 3776 Scor.
1340 3721 1425 3775 Liber
1439 3720 1542 3773 Semele

217 3808 304 3853 natm
320 3800 379 3854 tid.
395 3800 490 3871 Steph.
506 3799 567 3852 Col.

294 3880 452 3949 persequar]
474 3892 629 3945 prosequor
646 3873 723 3930 Med.
742 3874 820 3929 seur.
839 3875 903 3928 Non
918 3874 996 3926 mole.
1013 3891 1168 3945 persequar
1181 3869 1243 3925 ild.
1257 3871 1354 3943 Steph.
1370 3871 1431 3924 cei.

188 3986 190 3990 ν
256 3952 337 4008 Cur.
360 3959 404 4013 15.
430 3950 614 4025 reperientur]
639 3955 819 4021 reperiantur
841 3947 920 4003 Med.
958 3951 1073 4010 Ceterae
1093 3952 1278 4020 reperientur.
1317 3944 1372 4000 Sed
1397 3965 1455 4000 non
1478 3964 1542 4001 cott-

217 4025 364 4080 temnende
375 4027 483 4080 videtur
497 4026 582 4079 leetio
601 4025 677 4079 Med.

295 4101 397 4174 ii‚'qtti
412 4106 478 4171 vita]
498 4101 528 4153 iu·
539 4099 617 4155 Med.
629 4102 702 4154 lunt.
718 4099 777 4153 ild.
800 4105 821 4151 ii
834 4099 913 4153 Scor.
927 4098 1023 4172 Steph.
1037 4097 1096 4153 eoi.

295 4178 386 4231 efferri
410 4176 532 4247 videtur]
552 4175 686 4228 uideatur
708 4174 785 4229 Med.
807 4175 887 4229 Sour.
906 4174 1022 4227 uidetur
1041 4175 1114 4227 lunt.
1138 4172 1200 4235 Ald.
1214 4173 1311 4242 Steph.
1331 4172 1392 4226 Col.
1412 4169 1541 4228 Pneiero

217 4247 369 4305 lectionem
389 4251 466 4306 Med.
504 4254 604 4305 Foroit.
621 4250 675 4324 leg.
691 4252 742 4303 Cui
753 4269 842 4321 porro
863 4267 922 4302 non
939 4248 1138 4324 firmissimum
1153 4248 1205 4301 ltoo
1225 4244 1327 4319 afferri
1344 4258 1542 4316 argumentum

217 4326 352 4381 videatur
363 4357 404 4394 -p
415 4332 524 4399 opinio,
544 4345 711 4398 qteamquam
724 4327 814 4380 multi.
1351 4338 1355 4344 ·

256 4403 335 4457 Cir.
356 4404 401 4459 tt.
423 4420 483 4456 rem
497 4421 525 4476 p.
539 4420 596 4454 000
610 4404 713 4470 tereti]
734 4401 810 4455 Med.
826 4402 900 4454 lunt.
915 4400 993 4456 Seue.
1010 4404 1134 4453 conserit
1149 4397 1316 4470 Ald.Steph.
1328 4398 1389 4452 Col.
1403 4406 1541 4463 conseret,

217 4492 365 4550 utrumqne
381 4494 465 4533 recte.
487 4494 634 4529 conserere
652 4477 867 4548 rempublicam
885 4490 927 4530 eet
950 4475 1095 4554 κοσμεῖν,
1121 4475 1285 4554 συνείρειν,
1310 4473 1384 4543 velot
1407 4475 1544 4543 conflare,

193 4603 197 4624 2
218 4551 330 4608 dimitat
348 4557 407 4606 eine
422 4569 513 4625 parter
530 4557 560 4604 in
576 4550 701 4604 ordinem
719 4550 850 4624 redigere.

254 4629 335 4684 Cer.
357 4634 401 4688 15.
421 4646 470 4701 pro
485 4631 572 4699 patria
588 4626 713 4698 offerret]
733 4629 873 4679 Feruente:
893 4621 1001 4696 offeret.
1237 4671 1242 4686 ,

194 4723 199 4730 ·
290 4723 325 4757 ne
337 4720 364 4757 et
378 4704 482 4775 vetere]
509 4700 585 4754 deeet
597 4710 626 4753 et
638 4701 716 4755 Med.
728 4704 802 4755 lunt.
815 4703 912 4761 snut-‚3
932 4698 981 4753 red
997 4700 1100 4754 hebent
1116 4696 1179 4755 Ald.
1197 4698 1295 4769 steph.
1313 4697 1377 4755 Col.

161 4827 165 4846 ,
290 4781 415 4852 imagini
437 4776 568 4846 [ormam]
596 4781 732 4847 inopinis
750 4793 851 4829 urriani
869 4774 946 4832 nted.
969 4777 1043 4832 lunt.
1067 4777 1144 4833 Scor.
1169 4781 1306 4845 imaginis
1319 4773 1457 4846 sormam
1482 4771 1542 4831 nid

217 4854 314 4926 steph.
331 4853 393 4908 eet.
