3384 5359
160 226 202 308 tn
419 215 812 315 nmcununanvilt
833 224 1228 320 ntsrnntrionnn

600 365 609 376 .
729 345 735 371 t
905 373 909 384 ‚

161 387 317 453 cantibus.
371 388 477 476 Igitur
498 400 531 454 et
552 387 809 471 Epaminondas,
840 388 1010 474 princepe,
1042 388 1269 469 meoiudicio,
1309 392 1486 473 Graeciae,
1587 453 1591 466 ,

161 484 276 547 ildibus
298 483 463 565 praeclare
482 482 633 552 cecinisse
648 482 780 548 dicitur:
807 483 1105 569 Themistoclesque
1127 485 1248 568 aliquot
1265 465 1337 550 ante*
1359 488 1486 565 annis¹,

160 597 257 663 quum
289 577 321 641 in
350 576 452 663 epulis
482 580 665 642 recusaret²
693 578 814 659 luam,
849 588 898 641 est
925 578 1071 643 habitus³
1104 578 1278 645 indoctior.
1336 582 1429 668 Ergo
1457 583 1496 645 in:
1552 595 1555 602 ⁴

36 683 39 692 '
161 671 297 738 Graecia
326 671 436 735 musici
463 672 660 749 floruerunt,
696 672 921 757 discebantque
943 671 995 735 id⁴
1016 692 1145 751 omnes,
1180 694 1258 747 nee,
1292 675 1348 759 qui
1365 678 1488 742 nescie-

156 764 330 843 bat,·saiis
352 767 496 830 excultus
519 765 663 830 doctrina
685 769 872 849 putabatur.
917 768 948 831 5.
972 768 1010 831 In
1033 789 1155 831 stimmo
1174 771 1259 850 apud
1276 769 1348 833 illos
1363 772 1488 834 honore

161 861 339 946 geometria
366 859 448 925 sirit:
482 859 592 946 itaque
613 859 692 923 nihil
720 859 946 925 mathematicis
968 861 1134 928 illustrius.
1191 865 1236 926 At
1259 885 1319 929 nos
1340 864 1488 927 metiendi

160 954 431 1039 ratiocinandique
452 953 587 1018 utilitate
607 953 702 1018 huius
724 956 800 1017 artis
816 954 1052 1019 terminavimus
1067 958 1206 1019 modum.

244 1048 311 1113 111.
333 1049 380 1113 At
401 1060 513 1114 contra
531 1059 696 1116 ,oratorem
717 1041 865 1113 celeriter
886 1050 1049 1133 complexi
1064 1071 1192 1115 sumus:
1216 1072 1274 1114 nco
1292 1072 1362 1115 eum
1385 1052 1487 1135 primo

162 1144 329 1220 eruditum,
358 1155 465 1225 aptum
489 1154 593 1206 tamen
615 1141 663 1205 ad=
677 1140 861 1216 dicendum
885 1154 959 1225 post
981 1156 1084 1208 autem
1106 1145 1276 1208 eruditum.
1306 1148 1387 1209 Nam
1412 1148 1489 1211 Gal-

159 1239 255 1314 bam,
292 1237 498 1312 Africanum,
537 1234 703 1312 Laelium,
736 1240 851 1302 doctos
883 1238 981 1301 inisse
1010 1239 1180 1302 traditum⁵
1216 1252 1282 1301 est:
1314 1241 1489 1305 studiosum
1547 1241 1551 1248 '

160 1344 262 1396 autem
285 1353 376 1408 eum,
403 1331 458 1416 qui
480 1328 550 1395 his⁶
572 1341 675 1394 aetate
697 1330 855 1406 anteibat,
892 1331 1067 1422 Catonem:
1091 1344 1166 1415 post
1188 1354 1292 1407 vcro,
1317 1335 1487 1422 Lepidum,

160 1424 386 1504 Carbonem⁷,
413 1427 605 1489 Gracchos:
628 1421 721 1486 inde⁸
742 1423 784 1486 ita
809 1447 941 1510 magnos
964 1440 1104 1490 nostram
1127 1429 1167 1504 ed
1190 1437 1343 1503 aetatem,
1368 1443 1490 1495 utnon

155 1520 310 1597 inultum,
335 1531 389 1584 aut
410 1519 486 1583 nihil
508 1517 637 1584 omnino
659 1517 794 1581 Graecis
815 1520 1016 1583 cederetur⁹.
1050 1519 1258 1601 Philosophia
1282 1521 1376 1584 iacttit
1386 1525 1413 1564 ¹⁰
1438 1547 1493 1589 us-

160 1635 222 1698 que
244 1614 282 1676 ad
303 1614 390 1678 liano
412 1611 543 1678 aetatem
553 1649 572 1689 ,·
590 1632 661 1676 ·uec
683 1611 779 1674 ullunt
802 1612 913 1675 habuit
934 1614 1037 1676 lumen
1060 1614 1224 1677 literarum
1247 1613 1489 1694 Latinarutu¹¹;

160 1730 242 1794 quae
273 1700 458 1772 illustranda
481 1718 513 1772 et
536 1706 702 1770 excitanda
722 1704 816 1769 uobis
839 1718 906 1782 cst,
935 1720 991 1785 ut,
1015 1709 1042 1771 si
1065 1709 1210 1791 occttputi
1232 1707 1410 1791 profuimus
1433 1709 1502 1802 qli·-

158 1802 235 1887 quid
254 1801 380 1867 civibus
401 1801 537 1878 nostrie,
560 1798 719 1883 prosimus
736 1798 849 1875 etiam,
874 1800 901 1863 si
916 1822 1086 1882 possumus
1095 1804 1133 1877 ¹²,
1159 1802 1267 1868 otiosi.
1313 1804 1344 1867 ὑ.
1367 1806 1407 1869 In
1424 1828 1491 1889 quo

160 1918 201 1962 co
222 1896 322 1982 magis
344 1896 437 1961 nobis
460 1908 508 1959 est
530 1894 778 1968 elaborandum,
814 1896 903 1977 quod
926 1896 1014 1959 mulii
1042 1896 1103 1958 iani
1127 1918 1196 1959 esse
1219 1897 1324 1961 Latini
1346 1896 1419 1961 libri
1442 1899 1491 1962 di-

160 1983 294 2065 cnntur,
318 1988 429 2072 scripti
449 1988 678 2052 inconsiderate
688 1986 732 2062 ¹³,
757 1988 798 2048 ab
817 1987 945 2069 optimis
967 1989 1063 2052 illis¹⁴
1085 1990 1209 2074 quidem
1232 1991 1326 2065 viris,
1350 1993 1490 2056 sednon

158 2081 235 2148 satie
258 2083 400 2148 eritditis.
444 2082 569 2148 Fieri¹⁵
591 2090 694 2145 etitem
716 2090 843 2160 potest,
867 2093 902 2145 ut
923 2095 1011 2147 recte
1033 2084 1105 2167 quis
1127 2084 1258 2160 sentiat,
1283 2098 1312 2147 et
1334 2085 1378 2159 id,
1403 2087 1489 2171 quod

159 2176 271 2255 sentit,
294 2177 395 2259 polite
417 2177 524 2263 eloqui
545 2197 610 2240 non
631 2171 753 2256 possit:
777 2176 834 2237 sed
856 2179 1006 2240 mandare
1028 2198 1217 2261 quemquam
1240 2178 1339 2242 literis
1362 2180 1488 2263 cogita·

159 2271 262 2336 tiones
283 2272 410 2350 suasffi,
442 2273 496 2356 qui
518 2292 570 2335 eas
593 2289 651 2332 nec
673 2265 863 2347 disponere,
902 2294 960 2335 nec
981 2271 1140 2334 illustrare
1162 2270 1284 2353 possit,
1321 2293 1380 2336 nec
1401 2273 1488 2334 dele-

159 2365 297 2430 ctatione
319 2367 425 2452 aliqua
445 2366 583 2431 allicere-
595 2365 766 2445 lectorem,
784 2365 927 2431 bominis
950 2376 998 2429 est
1015 2365 1260 2447 intemperanter
1279 2364 1434 2428 abutentis
1456 2376 1490 2427 et

160 2460 230 2525 otio
250 2472 284 2524 et
304 2460 418 2525 literis.
469 2463 581 2546 ltaque
603 2478 678 2526 snos
701 2462 803 2527 libros
824 2460 886 2544 ipsi
906 2461 1019 2546 legunt
1041 2480 1111 2521 eum
1133 2458 1216 2534 suis,
1239 2476 1300 2522 uec
1321 2458 1488 2544 quisquam

159 2553 287 2640 attingit
312 2565 443 2638 praeter
475 2577 551 2631 eos,
582 2555 636 2639 qui
670 2558 798 2620 eandem
824 2553 982 2618 licentiam
1005 2551 1165 2616 scribendi
1186 2551 1244 2615 sibi
1265 2551 1406 2635 permitti
1427 2573 1488 2616 vo·

158 2648 240 2711 litut.
296 2649 405 2730 Quare
427 2633 454 2712 sl
475 2648 594 2734 aliquid
602 2650 628 2690 ¹⁷
650 2651 811 2715 oratoriae
832 2648 920 2713 laudi
928 2649 954 2689 ¹⁸
986 2660 1096 2712 nostra
1128 2645 1287 2710 attulimus
1312 2646 1485 2721 industria,

159 2741 260 2805 mulio
292 2741 462 2806 studiosius
493 2743 717 2828 philosophiae
747 2744 856 2811 fontes
890 2742 1085 2828 aperiemus,
1122 2763 1141 2804 e
1172 2740 1288 2827 quibus
1320 2740 1412 2826 etiam
1434 2741 1506 2828 itta,

158 2834 372 2898 manabant¹⁹.

243 2929 308 2993 IV.
333 2930 365 2992 7.
389 2930 472 3009 Sed,
496 2942 532 2995 ut
552 2930 763 3010 Aristoteles,
787 2933 838 2998 vit·
859 2953 982 2997 stimmo
996 2930 1143 3018 ingenio,
1168 2928 1319 3005 scientia,
1342 2929 1435 3012 eopia
1444 2930 1485 3004 11,

235 3158 273 3227 (¹)
293 3157 340 3213 ste
358 3153 542 3218 aneuiw.
558 3167 583 3217 2.
599 3190 637 3208 -
649 3179 740 3213 anno.
758 3162 816 3229 (a.)
832 3160 956 3216 rscvo.
967 3160 1035 3214 nau.
1050 3168 1076 3217 1.
1096 3158 1133 3235 (ν)
1148 3158 1195 3214 sie
1213 3161 1246 3215 a.
1260 3159 1387 3230 soevo.
1406 3156 1485 3232 pros.

158 3232 250 3287 Bentl.
269 3235 336 3289 Est:
367 3234 465 3289 eodem
485 3240 619 3309 temporis
638 3252 761 3310 puncto,
786 3254 840 3307 quo
859 3236 948 3310 lyrein
966 3240 1122 3304 recusavit,
1142 3251 1185 3290 est
1203 3234 1316 3289 habitus
1335 3233 1485 3288 indoctior.

157 3322 196 3361 eo
214 3319 370 3364 recusasset
388 3312 462 3368 02¹.
482 3312 618 3367 PABML.
639 3321 666 3370 1.
684 3311 737 3369 W·
758 3318 786 3369 2.
831 3307 868 3381 (³)
896 3312 943 3366 Sic
963 3314 995 3366 ll.
1014 3309 1108 3368 Guelf.
1127 3311 1326 3366 rasssuevn.
1345 3326 1384 3363 oo
1401 3308 1486 3364 itabi-

159 3391 206 3435 tus
224 3393 269 3438 est
287 3387 352 3440 sit.
371 3385 461 3442 Gelil».
483 3395 510 3446 1.
529 3387 582 3443 W.
601 3393 647 3455 2.,
672 3402 703 3442 ut
721 3386 844 3455 videtne,
868 3405 885 3440 e
903 3387 1021 3457 Quintil.
1044 3394 1076 3451 1.
1098 3396 1148 3452 to.
1170 3389 1214 3443 19.
1241 3385 1295 3441 Sed
1316 3391 1345 3438 in
1365 3384 1486 3450 talibus,
1682 3427 1683 3430 ,

157 3459 200 3513 vel
219 3465 372 3515 memoriae
390 3466 475 3528 sitio,
508 3462 552 3516 rel
570 3466 638 3518 artis
657 3460 837 3517 ostentandae
858 3477 957 3529 musa,
976 3467 1138 3535 saepissime
1158 3460 1216 3546 apis
1235 3477 1251 3514 a
1270 3462 1404 3514 Cicerone
1423 3464 1486 3531 ipso
1590 3501 1593 3506 ⁴
1682 3467 1683 3470 ’

159 3534 359 3605 Quintilianus.
390 3537 599 3606 „Securitatem
628 3536 734 3592 citandi
742 3538 769 3605 ¹',
794 3537 914 3612 appellat
933 3539 1007 3593 hano
1026 3538 1195 3606 Quintiliani
1213 3535 1256 3588 vel
1274 3535 1487 3610 negligentiam,

157 3608 202 3665 vel
221 3611 381 3689 superbiant
399 3610 542 3688 Spaldlng.
560 3614 593 3668 Τ.
615 3621 642 3673 2.
660 3632 688 3686 p.
709 3616 773 3672 576.
817 3611 1080 3687 (1)-ἰι1οοΕτιι.
1100 3629 1174 3685 susp.
1200 3609 1255 3664 Sed
1275 3609 1323 3665 cir.
1344 3612 1428 3665 Goer.
1447 3608 1488 3661 ad

155 3685 250 3758 legg.
270 3706 298 3762 p·
319 3692 383 3749 159.
431 3687 469 3756 (⁵)
493 3717 532 3731 —
555 3694 704 3742 mertoniae
732 3688 872 3741 traditum
899 3687 971 3746 Oia.
991 3687 1149 3744 ABSEML.
1169 3691 1238 3752 (non
1257 3686 1292 3741 ll.
1312 3686 1373 3739 Col.
1393 3683 1487 3757 Pcv.)

115 3805 116 3808 η
158 3762 197 3832 (5)
229 3763 277 3818 Sic
303 3764 405 3822 LDW.
425 3792 461 3806 -
480 3768 517 3816 iis
536 3764 663 3819 Pancv.
683 3763 774 3818 Gebh.
803 3771 829 3822 1.
849 3769 877 3819 2.
895 3779 934 3817 oo
952 3763 1003 3816 hos
1028 3762 1089 3817 Col.
1115 3760 1201 3816 SEM.
1250 3759 1289 3835 (⁷)
1308 3760 1356 3814 Sic
1386 3758 1488 3833 (Oia.)

158 3837 192 3892 de
211 3836 341 3894 Beroaldi
361 3837 464 3895 6811..
484 3839 566 3912 Seqq.
585 3868 623 3883 -
643 3839 777 3894 casomm
796 3837 883 3902 Cdd..
903 3844 989 3894 etiam
1009 3841 1040 3893 ll.
1061 3837 1141 3892 Peli.
1161 3833 1198 3908 (⁸)
1218 3833 1315 3890 Stoa.
1334 3836 1438 3892 PDW.
1458 3841 1486 3888 2.

158 3928 224 3967 oum
243 3913 355 3980 Oxpnn.
393 3913 522 3987 lenisque.
541 3943 581 3958 -
597 3913 695 3968 deinde
714 3913 898 3969 ABSEVML.
919 3923 945 3971 1.
988 3911 1026 3982 (⁹)
1045 3938 1080 3955 -
1098 3911 1257 3964 cederentur
1276 3911 1309 3965 L.
1331 3911 1413 3969 1566.
1432 3926 1487 3962 err.

157 4003 189 4062 ty
209 4005 268 4062 ogr.
281 4013 318 4031 ··
330 3933 487 4043 rediremus
502 3992 532 4044 L.
551 3994 580 4044 in
596 4007 633 4046 m.
647 3993 731 4050 issi.
743 4013 781 4030 -
792 3989 922 4042 oederent
940 3986 1009 4046 cti.
1029 3985 1106 4040 Leld.
1126 3986 1198 4048 031.
1212 3984 1284 4040 male
1298 3984 1376 4059 prol).
1395 3983 1486 4038 Βοιὼ.

150 4071 169 4130 ¹(
197 4071 267 4132 >·-
284 4065 371 4118 iatutt
388 4065 552 4132 Pensm..
569 4082 627 4120 non
647 4063 766 4142 improb.
786 4064 853 4120 litu.
891 4062 941 4139 (11)
959 4083 998 4117 =
1015 4063 1079 4116 Lei.
1098 4063 1141 4115 tte.
1160 4061 1193 4116 C.
1213 4066 1255 4114 uti
1275 4063 1300 4129 d.
1321 4070 1347 4119 1.
1385 4056 1488 4134 (¹²)-

153 4144 294 4213 possimass
317 4140 385 4195 Ern.
414 4156 489 4214 susp.
515 4146 608 4213 sicque
627 4140 699 4198 Oia.
749 4138 800 4211 (11)
820 4168 857 4183 -
876 4139 1016 4192 incondite
1036 4137 1127 4193 Bentl.
1146 4154 1220 4211 susp.
1264 4133 1373 4211 (11)-
1390 4136 1433 4186 tut
1452 4132 1486 4187 de

156 4216 224 4270 Bru.
240 4233 314 4291 susp.
331 4215 397 4270 Scit.
418 4221 446 4271 2.
465 4217 612 4290 Nunquam
629 4220 670 4269 sio
687 4214 756 4282 W.,
784 4223 815 4269 ait
834 4221 873 4269 ait
888 4216 952 4270 sch.
963 4235 970 4274 ς
983 4229 1048 4267 nam
1068 4230 1084 4267 a
1103 4212 1204 4267 talibus
1224 4212 1271 4267 ille
1289 4211 1343 4264 ethi
1363 4210 1488 4264 cavebat.

158 4290 209 4358 (¹⁵)
227 4318 267 4333 -
276 4288 361 4363 ferri
380 4291 457 4347 Man.
477 4308 551 4365 susp.
572 4291 701 4346 lleiutant
719 4288 800 4344 Fahr.
820 4305 848 4344 et
862 4292 895 4345 ὓ.
935 4289 988 4363 (111)
1004 4308 1044 4343 =
1061 4307 1128 4341 suas
1146 4305 1209 4358 cog.
1229 4287 1355 4344 PaBsss.
1380 4286 1430 4361 (11)
1449 4313 1488 4328 ··-

156 4364 497 4500 ffldisi'bil
514 4366 594 4502 qm.
607 4364 1131 4497 ⁰ttt;.tl‘¹·.i⁸l.¹lillsslll
1147 4370 1176 4492 ἴ·
1194 4363 1393 4499 ’titii
1413 4362 1487 4490 ‘lii

156 4478 327 4591 scripiemht
355 4480 518 4572 Orien-tel.
541 4462 631 4575 b'iqueu
664 4515 718 4570 sed
736 4456 799 4570 ride
823 4516 915 4571 Bentl.
933 4532 961 4570 et
980 4516 1070 4572 Boub.
1090 4459 1146 4589 (··i)
1157 4459 1236 4567 laridi
1254 4479 1368 4567 nestrae
1386 4478 1485 4566 iosos

156 4593 264 4648 Meteri
283 4609 358 4668 susp.
376 4594 472 4669 Symb.
492 4615 519 4669 p.
540 4593 599 4672 16.)
615 4619 620 4628 ·
636 4590 688 4670 (¹⁹)
712 4619 749 4636 ·-
776 4592 911 4644 manabat
930 4591 1004 4649 Ota.
1021 4590 1064 4644 De
1083 4593 1190 4645 l’earcii
1210 4608 1284 4665 saep.
1303 4589 1374 4643 Lall.
1394 4583 1485 4662 (prob-

154 4666 235 4734 Ern.)
261 4665 316 4722 Sed
340 4677 367 4725 e.
399 4671 484 4725 Goer.
515 4668 607 4739 Lege.
626 4688 654 4743 p.
674 4672 738 4729 259.
788 4662 1027 4742 (11)51ο1.(6,
1048 4683 1079 4720 nt
1100 4665 1486 4734 videtur)Lall.W·2.·-

153 4768 194 4787 ··-
210 4733 345 4796 scientiae
368 4751 449 4817 eopia
474 4742 544 4799 Cdd.
573 4744 673 4819 pleriq.
699 4742 911 4800 ABSECVMD.
937 4751 964 4801 1.
989 4758 1027 4798 oo
1050 4747 1170 4795 scientia
1194 4751 1223 4795 ei
1250 4748 1330 4815 copis
1355 4744 1390 4795 D.
1410 4751 1485 4805 susp·

153 4818 238 4892 proh.
252 4818 345 4875 Bend.
373 4824 404 4875 iu
430 4824 503 4876 euris
529 4818 667 4876 secundia
687 4845 725 4864 ·-
742 4823 843 4873 summi
858 4822 993 4888 ,ingentu
1015 4826 1047 4870 'et
1066 4824 1200 4871 scientiae
1218 4823 1299 4891 copia
1318 4811 1387 4872 Cld.
1407 4807 1486 4864 [aeid.
1529 4814 1534 4824 '
