3384 5359
235 276 296 347 ur
346 266 348 270 “
495 260 886 339 'ruscunuuuuum
905 273 1299 367 ntsrorAuouum

233 415 366 490 tentiae,
389 435 471 497 quae
493 410 671 479 stabilitatis
692 412 810 498 aliquid
831 414 989 483 habeant:
1025 402 1096 475 n'am
1119 412 1298 489 Aristonis,
1324 414 1551 494 Pyrrhonis¹,

232 507 350 574 Herilli
382 508 840 592 nonnullorumqueAliorum
870 518 1076 569 evanuerunt.
1135 505 1181 569 Hi
1209 506 1283 590 quid
1311 509 1436 589 possint
1463 511 1552 574 ¹ohti-

236 624 332 678 nere,
356 603 534 676 videamus,
559 600 681 664 omissis
697 600 812 664 Stoicis
824 624 846 664 ι.
857 622 992 684 quorum
1014 599 1088 689 satis
1104 599 1218 664 videor
1233 600 1412 667 defendisse
1427 617 1551 667 senten·

233 696 321 758 tiam.
365 696 409 758 Et
430 692 716 775 Peripateticorum
733 693 883 775 quidem¹
910 693 1065 774 explicata
1088 707 1268 757 causaest:
1292 709 1419 776 praeter
1443 700 1550 767 Theo·

231 792 415 873 phrastum,
441 800 472 850 et
493 787 520 849 si
542 787 597 870 qui
617 787 703 849 illum
721 788 843 861 secuti,
867 786 1056 868 imbecillius
1071 788 1205 849 horrent
1227 789 1369 851 dolorem
1392 802 1424 853 et
1445 792 1550 855 refor-

234 884 370 945 midant:
394 881 525 963 reliquis
549 882 672 965 quidem
689 880 885 944 licetfaeere
904 881 969 954 id3,
994 883 1079 963 quod
1101 881 1171 943 fere
1185 881 1327 957 faeitrnt,
1352 895 1386 945 ut
1410 885 1548 969 gravita-

233 989 297 1039 tem
307 974 558 1060 dignitatemque
577 974 704 1036 virtutis
728 986 938 1059 exaggerent.
983 973 1085 1052 (luam
1108 996 1203 1056 quum
1223 978 1263 1037 ad
1285 978 1406 1039 caelum
1430 981 1549 1041 extule-

233 1069 318 1144 rint,
343 1070 431 1152 quod
458 1070 566 1132 facere
595 1070 777 1152 eloquentes
799 1068 944 1132 homines
970 1067 1101 1146 copiose
1121 1068 1243 1141 soleut3
1266 1069 1387 1153 reliqua
1411 1092 1457 1133 ex
1482 1073 1547 1135 col·

233 1161 352 1226 latione
371 1162 465 1224 facile
481 1171 530 1224 est
548 1173 716 1224 conterere
740 1172 834 1243 atque
850 1171 1065 1241 contemnere.
1110 1159 1179 1222 Nec
1194 1161 1274 1222 enim
1297 1162 1371 1226 licet
1393 1163 1471 1239 list,
1494 1164 1546 1249 qui

232 1254 357 1319 laudem
375 1276 446 1317 cum
465 1254 576 1319 dolore
597 1258 763 1337 petendam
787 1274 856 1317 esse
872 1253 1007 1327 dicant-⁵,
1033 1274 1150 1336 negare
1173 1276 1228 1317 eos
1249 1278 1318 1318 esse
1341 1260 1471 1331 beatos,
1495 1257 1546 1339 qui

232 1350 317 1413 illam
343 1348 449 1430 adepti
469 1348 572 1411 sunt⁶.
618 1348 838 1433 Qiiamqumu⁷
861 1346 941 1409 enirn
964 1344 1077 1408 sintin
1100 1347 1286 1430 quibusdam
1313 1350 1420 1425 runlis,
1445 1365 1543 1414 tameo

197 1436 202 1445 ⁴
232 1446 428 1508 bocnomen
447 1442 646 1526 bertilonge
667 1456 698 1505 et
719 1443 781 1504 late
803 1438 904 1523 patet.
1292 1437 1294 1442 ’
1452 1438 1466 1460 ²

316 1538 450 1601 XXXI.
474 1536 527 1599 86.
558 1538 641 1601 Nam
666 1548 701 1599 ut
728 1547 919 1618 quaestuosa
942 1547 1135 1610 mercatura,
1158 1535 1326 1601 fructuosa
1350 1539 1450 1602 aratio
1470 1538 1544 1600 diei·

231 1645 303 1708 tur,
328 1654 391 1696 uon
413 1632 441 1695 si
456 1634 553 1695 altera
571 1654 698 1713 semper
713 1631 798 1695 omni
813 1636 947 1705 damno,
972 1632 1068 1693 altera
1085 1628 1189 1692 omni¹
1208 1633 1402 1712 tempestatis
1422 1633 1543 1695 calami-

230 1738 296 1788 tate
311 1747 435 1807 semper
458 1725 582 1801 vacat⁹,
605 1728 662 1788 sed
684 1726 711 1788 si
734 1727 831 1791 multo
855 1724 973 1790 maiore
983 1726 1009 1764 ¹⁰
1027 1747 1068 1786 ex
1086 1735 1175 1805 parte
1200 1728 1338 1786 exstat¹¹
1360 1725 1390 1787 in
1416 1738 1543 1809 utraque

75 1844 81 1859 ⁸
153 1878 156 1889 .
230 1820 382 1883 felicitas:
406 1818 556 1893 siculis,
582 1840 644 1883 non
659 1820 760 1881 solum
776 1819 802 1882 si
822 1818 959 1901 undique
981 1817 1099 1880 referta
1125 1816 1218 1880 bonis
1238 1828 1303 1893 cst,
1327 1821 1382 1881 sed
1403 1819 1430 1882 si
1448 1820 1542 1881 multo

232 1913 351 1977 maiore
371 1924 402 1975 et
421 1911 571 1997 graviore
592 1933 631 1974 ex
649 1924 739 1994 parte
757 1915 840 1975 hona
861 1915 1060 1994 propendent
1069 1913 1110 1986 ¹²,
1135 1913 1227 1973 beata
1241 1924 1329 1975 reete
1345 1912 1406 1975 dici
1427 1924 1543 1994 potest.

232 2007 286 2069 87.
311 2007 469 2089 Sequetur
477 2007 503 2046 ¹³
517 2006 615 2090 igitur
627 2007 742 2069 horum
752 2007 778 2046 ¹¹
793 2005 917 2069 ratione
933 2007 983 2069 vel
999 2008 1037 2067 ad
1052 2005 1240 2086 supplicium
1256 2007 1344 2067 beata
1363 2005 1427 2068 vita
1448 2006 1543 2068 virtu-

231 2113 312 2175 tem;
336 2121 467 2183 cumque
484 2121 519 2162 ea
536 2102 704 2163 descendet
719 2100 750 2161 iu
765 2112 911 2175 taurum,
935 2100 1135 2173 Aristotele,
1161 2100 1366 2174 Xenocrate,
1391 2098 1542 2181 Speusip·
1596 2180 1600 2187 Ι

196 2245 198 2248 .
230 2215 292 2276 po,
317 2193 493 2258 Polemone
516 2194 717 2266 aiictoribus3
741 2214 800 2256 nee
814 2195 916 2255 eam¹⁵
942 2192 1055 2254 ¹minis
1079 2203 1132 2254 aut
1153 2192 1370 2256 blandimentis
1393 2206 1542 2275 corrupta

231 2291 368 2351 deseret.
412 2289 531 2350 Eadem
548 2285 760 2367 Calliphontis
771 2286 798 2326 ¹⁶
819 2285 882 2349 erit
896 2284 1097 2370 Diodorique
1113 2287 1283 2349 sententia:
1306 2309 1442 2370 quorum
1458 2301 1542 2351 uter·

231 2403 292 2465 que
312 2382 508 2444 honestatem
540 2379 584 2442 sic
606 2378 846 2461 complectitur,
882 2392 917 2441 ut
940 2380 1060 2455 omnia,
1093 2402 1173 2463 quae
1196 2381 1263 2444 sine
1284 2402 1322 2444 ea
1343 2381 1424 2457 sint,
1448 2382 1542 2466 longe

231 2486 264 2540 et
284 2485 373 2555 retro
396 2476 540 2556 ponenda
563 2484 702 2536 censeat.
751 2471 882 2558 Reliqui
904 2475 1021 2537 babere
1044 2494 1078 2536 se
1101 2473 1245 2536 videntur
1267 2475 1447 2559 augustius3
1471 2495 1542 2537 enr-

231 2577 299 2630 taut
327 2578 450 2631 tamen:
484 2566 661 2649 Epicurus,
679 2614 682 2629 .
701 2564 936 2647 Hieronymus,
971 2578 1002 2628 ct
1024 2566 1050 2629 si
1072 2567 1238 2651 quisunt,
1273 2567 1328 2651 qui
1349 2570 1507 2629 desertum
1518 2565 1541 2605 ¹¹

228 2659 317 2745 illum
342 2660 537 2726 Carneadem
560 2672 671 2723 curent
693 2660 874 2723 defendere.
919 2661 1024 2723 Nemo
1047 2672 1094 2721 est
1112 2660 1193 2723 enim
1215 2661 1367 2735 11θοιιιιιι,
1391 2660 1466 2744 quin
1484 2660 1541 2723 ho·

204 2774 344 2816 ‘norum
367 2752 534 2816 animum¹⁸
562 2766 652 2836 putet
674 2774 742 2817 esse
764 2752 919 2829 iudicem,
953 2775 1086 2837 eumque
1109 2753 1400 2828 condocefeciat¹⁹,
1432 2765 1467 2815 ut
1488 2774 1540 2825 ea,

230 2870 311 2932 quae
333 2851 416 2913 bona
438 2848 559 2910 malave
581 2847 768 2924 videantur,
802 2848 906 2929 possit
931 2860 1145 2912 contemnere.
1203 2848 1256 2910 88.
1280 2848 1362 2909 Nam
1389 2867 1469 2929 quae
1486 2843 1541 2908 tibi

230 2941 364 3024 Epicuri
373 2943 400 2981 ²⁰
414 2940 558 3021 videtur,
573 2944 679 3004 eadem
696 2941 756 3005 erit
771 2940 1007 3021 Hieronymi'et
1023 2940 1193 3004 Carneadis
1209 2962 1302 3003 eausa
1311 2985 1320 3016 ,
1339 2953 1370 3004 et
1380 2940 1540 3003 hercule¹¹

231 3035 367 3099 omnium
383 3033 591 3119 reliquorum.
617 3034 697 3116 Quis
716 3035 797 3098 enim
808 3056 920 3116 parum
933 3046 980 3097 est
995 3047 1107 3098 contra
1122 3047 1275 3109 mortem,
1298 3046 1352 3097 aut
1365 3035 1508 3096 dolorem
1515 3032 1541 3073 ²¹

303 3195 341 3270 (¹)
361 3226 399 3239 —
417 3196 541 3271 Pyrroni
561 3202 628 3264 (sie)
649 3201 680 3251 ll.
730 3197 767 3264 (1)
787 3213 825 3251 oo
842 3203 1030 3264 sententiam,
1056 3204 1085 3248 et
1102 3194 1314 3269 Perqnateticis‚
1343 3215 1460 3267 quorrem
1477 3199 1541 3267 qne}

228 3271 290 3324 dem
311 3275 342 3325 V.
363 3273 447 3327 eolus.
497 3272 534 3343 (³)
554 3298 589 3314 -·
617 3289 672 3325 om.
692 3271 724 3323 id
742 3272 809 3335 ML.
857 3269 894 3345 (1)
913 3288 950 3324 eso
969 3271 1012 3322 his
1031 3274 1061 3325 ll.
1082 3271 1159 3325 SED.
1210 3270 1247 3345 (⁵)
1276 3271 1322 3324 Sic
1348 3272 1378 3324 ll.
1409 3286 1478 3324 reste
1504 3270 1539 3323 D.

229 3346 301 3404 061.
326 3345 377 3402 Ed.
406 3364 459 3400 vet.
486 3347 574 3400 Βοιὼ.
600 3348 635 3401 D.
664 3356 689 3405 1.
714 3348 766 3404 W·
793 3353 818 3402 2.
844 3374 882 3390 -
901 3346 995 3398 dieunt
1017 3346 1244 3401 PABSECVMl..
1264 3346 1333 3399 Lall.
1372 3345 1410 3413 (⁶)
1429 3376 1468 3390 -
1484 3349 1542 3396 sini

97 3411 102 3429 ’
137 3464 141 3481 ,
227 3422 295 3476 Ero.
315 3420 344 3477 (l.
364 3430 388 3480 1.
420 3421 457 3488 (⁷)
477 3423 583 3476 nitrum
602 3440 658 3476 non
678 3427 737 3475 sine
756 3437 839 3476 causa
859 3422 913 3474 boc
932 3441 1093 3494 oriensquam
1114 3420 1255 3475 accidebat
1274 3419 1381 3478 Wolfio
1401 3427 1431 3475 in
1451 3420 1541 3473 Prae-
1566 3406 1571 3431 ¹

227 3498 305 3550 lectt.
331 3497 513 3570 propendenti
538 3502 568 3551 in
593 3505 727 3569 preamvts.
778 3500 832 3551 Hie
859 3513 950 3550 tamen
969 3497 1062 3551 locum
1082 3514 1161 3549 snum
1182 3502 1251 3550 tueri
1272 3496 1385 3549 ridetur.
1435 3496 1475 3562 (⁸)
1495 3495 1541 3549 Sis

228 3571 279 3626 ed.
305 3573 368 3625 Urs.
396 3576 428 3625 D.
454 3572 521 3624 Lall.
553 3582 577 3629 1.
604 3574 656 3630 W.
682 3578 709 3627 2.
728 3601 765 3617 ω-
785 3578 875 3624 onznia
901 3575 1018 3627 Piloros.
1057 3572 1093 3638 (1)
1115 3573 1160 3626 Sic
1182 3574 1212 3624 ll.
1232 3569 1323 3625 Gueli.
1345 3571 1416 3629 06¹.
1436 3572 1539 3627 Pon.

226 3647 280 3706 W.
301 3653 327 3702 2.
347 3675 385 3689 -
402 3656 485 3699 vocet
505 3646 706 3702 Ausucth.
725 3648 794 3700 Lall.
821 3648 872 3722 (¹⁰)
891 3669 927 3704 ε
947 3652 1047 3700 rnaiori
1068 3646 1244 3701 Pussscvtt.
1264 3645 1332 3720 (uon
1352 3646 1421 3711 Et.)
1442 3644 1492 3719 (11)
1504 3670 1541 3688 -ι

226 3728 349 3774 exsistat
368 3721 440 3779 011.
466 3751 505 3764 -
522 3730 614 3774 exstet
632 3722 697 3776 ML.
736 3724 787 3795 (11)
807 3723 853 3776 Sic
874 3723 989 3778 CVML.
1008 3724 1087 3794 Seqq.
1106 3751 1143 3764 -
1158 3722 1351 3794 propendeant
1364 3720 1434 3775 021.
1456 3723 1486 3774 P.
1505 3748 1540 3764 ι-

223 3797 402 3871 propendunt
430 3796 529 3852 ABSE.
558 3826 597 3839 -
614 3798 814 3869 perpenderint
840 3795 949 3863 Guelf,
974 3796 1046 3851 unde
1072 3798 1138 3862 Ero.
1159 3815 1247 3869 susp:
1274 3824 1310 3838 -
1331 3796 1539 3867 propenderint.

226 3871 276 3945 (11)
295 3902 332 3915 -
350 3878 474 3944 seqnitur
494 3872 565 3931 031.
586 3873 724 3937 PABSE.,
744 3872 815 3926 unde
835 3891 901 3926 mox
919 3873 956 3934 E,
971 3874 1059 3927 eolus:
1079 3872 1273 3927 -deseendit.
1311 3869 1361 3945 (11)
1382 3872 1430 3924 Sic
1448 3867 1541 3925 Guelf-

225 3947 343 4003 vMLo.
363 3949 444 4020 Seqq.
463 3977 501 3992 -
519 3946 653 3998 bonorum
672 3947 741 4001 Cdd.
761 3948 858 4022 pleriq.
879 3947 924 4011 (de
946 3953 1030 4022 Regio
1050 3952 1166 4012 neseio.)
1186 3947 1318 4000 PABSEC
1342 3946 1419 4017 proh.
1431 3947 1538 3999 Sebott.

227 4020 317 4077 otuu.
361 4023 411 4091 (ιε)
431 4022 464 4075 a.
483 4022 573 4077 neno.
593 4021 622 4078 e.
646 4025 696 4076 m.
715 4023 784 4076 nui.
806 4034 831 4081 1.
850 4024 903 4080 w.
922 4029 949 4078 2.
969 4054 1007 4065 -
1019 4041 1080 4074 ..m
1099 4028 1220 4073 meaa...
1238 4022 1274 4075 u.
1295 3987 1362 4075 cia.
1382 4025 1452 4074 nair.
1470 4018 1539 4072 rac

228 4112 291 4151 ante
316 4099 367 4152 Da.
397 4102 467 4152 ltem
495 4096 561 4159 ob..
593 4097 647 4225 (11)
674 4126 710 4141 -
736 4098 905 4172 Calliphonte
926 4100 956 4153 t..
978 4099 1060 4152 eolus.
1081 4096 1131 4172 (·-
1151 4096 1320 4168 Calliphonti
1339 4096 1447 4149 volebat
1468 4096 1540 4149 Goe-

226 4192 303 4227 rens.
340 4170 395 4227 Sed
414 4173 474 4226 vide
494 4175 574 4227 Beier
610 4168 650 4244 ff
671 4172 704 4225 T.
724 4178 752 4228 2.
773 4193 798 4247 p.
819 4173 896 4249 1115.)
934 4173 985 4251 (11)
1004 4179 1050 4228 Sic
1071 4175 1101 4226 R.
1122 4175 1193 4230 le.
1214 4172 1279 4226 eut.
1299 4173 1332 4224 1).
1353 4171 1420 4224 Lell.
1444 4181 1467 4227 i.
1486 4170 1539 4225 W.

225 4254 253 4304 2.
273 4247 453 4306 *disertum
473 4246 542 4304 Cdd.
563 4248 626 4320 aliq.
640 4247 708 4301 Edd.
730 4264 793 4303 ante
806 4251 840 4303 D.
861 4268 966 4304 omnes.
987 4247 1036 4323 (¹⁸)
1059 4252 1098 4301 De
1117 4249 1184 4303 Ero.
1204 4264 1278 4318 susp.
1296 4247 1348 4304 W.
1370 4255 1397 4303 2.
1416 4248 1540 4300 Proxime
1630 4257 1632 4260 ·

224 4321 332 4376 recedit
350 4324 400 4377 L.:
420 4352 456 4367 -
475 4329 563 4388 enirn,
583 4329 648 4395 quin
675 4318 770 4375 eorum
789 4326 886 4380 bonor.
908 4326 985 4399 prob.
1005 4324 1113 4378 Fabric.
1135 4351 1170 4367 -
1190 4327 1263 4374 enirn
1282 4339 1395 4389 eornm,
1413 4328 1460 4393 qni
1477 4322 1539 4375 bon.

226 4417 274 4452 an.
293 4416 349 4450 non
363 4407 448 4471 pretet
468 4402 502 4455 D.
522 4415 597 4472 susp.
618 4404 667 4466 (—
686 4403 731 4451 cui
751 4417 808 4451 non
828 4401 1012 4474 suppeditavit
1037 4398 1142 4452 Elisus.
1162 4416 1235 4464 aee,
1266 4402 1336 4450 scite
1356 4413 1436 4471 saepe
1457 4402 1540 4450 inter·

225 4473 359 4549 polotus.)
384 4503 422 4517 -
441 4476 531 4540 enirn,
563 4480 628 4546 quin
646 4492 779 4532 verorum
805 4475 938 4528 bonorum
963 4494 1008 4527 an.
1031 4471 1164 4547 putride
1185 4472 1276 4527 Bentl.
1296 4471 1325 4527 Ε.
1344 4474 1396 4527 Dr.
1435 4470 1485 4543 (11)
1504 4500 1541 4513 -

224 4567 337 4621 eumque
361 4554 405 4601 ita
436 4550 548 4603 condor.
578 4550 652 4604 Mira
681 4551 746 4602 Ern.
775 4567 850 4624 susp.
901 4551 951 4626 (11)
978 4565 1015 4602 eo
1040 4549 1112 4621 oriod
1128 4548 1181 4601 tibi·
1198 4547 1335 4620 Epicurus
1352 4566 1382 4601 v.
1402 4551 1433 4601 ll.
1452 4548 1540 4598 Vtile·

226 4626 299 4682 051.
319 4625 380 4679 Aut.
402 4625 460 4678 Po.
481 4626 541 4680 Hoc
561 4641 626 4678 stne
645 4626 757 4679 tolerari
777 4631 883 4698 nequit.
928 4624 980 4680 Sed
999 4642 1093 4678 verum
1112 4623 1230 4676 ridetur:
1253 4638 1291 4675 ee
1309 4623 1384 4693 qnod
1400 4624 1451 4674 tibi
1469 4622 1540 4691 npe-

224 4704 287 4752 euri
304 4700 416 4752 videtur
435 4700 496 4753 scil.
516 4696 625 4777 δόγμα.
676 4699 727 4827 (11)
745 4704 793 4756 sic
813 4703 844 4755 ll.
865 4702 943 4756 SED.
962 4718 999 4758 ·,-,,·
1019 4700 1108 4751 hercle
1127 4700 1226 4752 Ceteri.
1276 4696 1326 4770 (11)
1346 4727 1379 4740 -
1400 4716 1439 4749 nn
1458 4696 1538 4748 doio·

226 4793 285 4826 rem
311 4773 401 4829 Gnelf.
421 4778 588 4849 Saepissime
609 4781 637 4830 ln
658 4774 707 4830 tali
730 4793 759 4829 us
780 4785 831 4828 ant
850 4790 877 4830 et
896 4795 934 4828 an
953 4773 1125 4829 confundunt
1144 4773 1260 4827 librarii.
1281 4773 1338 4828 cir.
1358 4773 1393 4825 de
1413 4773 1477 4844 llep.
1505 4779 1537 4834 1.

226 4855 271 4910 12.
291 4846 317 4924 p!
340 4854 384 4909 55.
404 4851 513 4904 Moser.
