3384 5359
220 278 282 345 ess
481 278 873 346 anscnnuuannut
894 234 1289 387 mseoruatounn

220 418 285 484 illia
308 421 508 497 traderetur,
537 418 599 488 nisi
619 419 803 485 caelestium
825 420 933 485 divina
954 420 1099 506 cognitio
1121 442 1238 488 nornen
1260 442 1372 486 eornm
1395 424 1436 488 ad
1457 444 1547 489 erro·

220 536 287 579 rent
311 514 439 581 fabulae
460 514 666 591 traduxisset.
710 515 881 601 Aquinus
904 516 1011 579 ducti¹
1034 515 1181 600 deinceps
1205 517 1348 593 omnes²,
1372 516 1427 601 qui
1447 517 1478 581 in
1498 540 1549 585 re·

221 628 291 677 rutnr
313 609 583 693 contemplatione
603 608 706 673 studia
723 612 906 691 ponebant,
930 610 1089 694 sapientes
1111 621 1143 674 et
1158 611 1375 688 habebantur,
1399 623 1431 673 et
1447 611 1547 675 norni-

219 704 398 795 nubantur:
423 704 518 790 idque
540 722 653 769 eornm
675 724 790 771 nomeu
813 727 913 791 usque
936 709 976 769 ad
998 707 1209 789 Pythagorae
1232 704 1369 767 manavit
1392 716 1548 769 aetatem:

219 818 333 882 quern,
358 809 392 861 nt
414 798 529 862 scribit
551 797 678 863 auditor
699 797 864 874 Platonis,
889 797 1046 864 Ponticus
1069 797 1278 873 Heraclides,
1302 797 1354 860 vir
1376 799 1492 862 doctus
1519 801 1547 862 in

220 891 349 973 primis,
385 893 569 956 Phliuntem
607 891 714 956 ferunt
744 881 908 969 uenisse&
947 913 1082 978 eumque
1117 914 1189 956 cum
1222 893 1369 969 Leonte,
1404 891 1548 975 principe

219 983 459 1061 Phliasiorum,
493 989 587 1050 docte
612 997 644 1050 et
671 985 804 1068 copiose
828 986 1013 1051 disseruisse
1036 976 1205 1072 quaedam.
1265 985 1366 1051 Cuius
1386 986 1548 1070 ingenium

220 1089 251 1143 et
272 1079 484 1164 eloquentiam
508 1102 604 1164 quum
639 1079 811 1154 admiratus
834 1089 918 1181 espet
939 1082 1053 1155 Leon,
1091 1078 1285 1164 quaesivisse
1314 1100 1356 1141 ex
1388 1101 1448 1154 eo,
1487 1101 1548 1165 qua

220 1173 355 1236 inaximo
379 1186 447 1237 arte
469 1174 665 1237 confiderets
703 1185 737 1237 at
758 1172 864 1250 illurn,
895 1187 995 1238 artem
1021 1172 1148 1258 quidem
1171 1194 1206 1236 se
1228 1174 1310 1236 seire
1329 1173 1471 1248 niellam,
1495 1175 1549 1236 sed

219 1287 289 1329 esse
312 1268 578 1351 philosophum:
614 1267 800 1331 admiratum
824 1271 984 1334 Leontem
1010 1268 1209 1332 novitateml
1231 1262 1390 1343 nominis,
1425 1266 1547 1351 quaesi.

210 1360 339 1436 ‘cisseh
364 1361 489 1445 quinam
510 1374 614 1426 esseut
637 1363 841 1445 philosophi,
867 1376 897 1426 et
919 1362 995 1447 quid
1017 1362 1101 1441 inter
1124 1383 1180 1424 eos
1203 1372 1235 1425 et
1255 1359 1398 1446 reliquos
1415 1361 1547 1426 interes·

151 1494 157 1513 .
219 1466 287 1528 aet;
311 1455 343 1519 9.
366 1455 587 1539 Pythagoram
616 1467 719 1520 autem
743 1457 970 1539 respondisse:
1003 1457 1135 1521 similem
1157 1456 1217 1519 sibi
1241 1455 1342 1518 videri
1365 1456 1460 1523 vitato
1489 1457 1550 1520 ho·

218 1548 334 1611 minium
364 1560 396 1612 et
426 1540 599 1614 mercatum
623 1570 715 1628 eum,
748 1552 805 1636 qui
833 1553 1007 1616 haberetur
1040 1550 1179 1613 maximo
1213 1550 1359 1613 ludorum
1395 1561 1550 1631 apparatu

218 1643 318 1707 totius
340 1642 498 1706 Graeciae
520 1644 730 1708 celebritate:
755 1666 824 1709 natu
849 1660 883 1710 ut
904 1642 971 1711 illic
986 1646 1039 1709 alii
1059 1643 1251 1727 corporibus
1271 1643 1452 1706 exercitatis
1476 1643 1549 1727 glo·

217 1735 297 1799 riam
320 1749 352 1800 et
373 1738 573 1802 nobilitatem
594 1759 735 1803 coronae
759 1752 920 1822 petereut;
954 1740 1009 1805 alii
1031 1738 1172 1815 emendi,
1197 1749 1250 1799 aut
1273 1738 1428 1800 vendeudi
1452 1760 1549 1822 quae·
1623 1730 1626 1733 ’

217 1839 270 1895 stu
289 1840 321 1891 et
342 1830 434 1895 lucro
455 1832 669 1907 ,ducerentur3
693 1843 777 1895 esset
800 1847 903 1898 autem
922 1837 1080 1918 quoddam
1104 1854 1204 1919 genus
1221 1824 1472 1916 eoruut,'idque
1498 1831 1548 1894 vel

218 1924 353 1987 maxime
371 1923 562 2009 ingenuum,
588 1924 644 2009 qui
659 1946 718 1988 nec
736 1925 893 2008 plausum,
917 1949 976 1992 uec
990 1930 1113 1992 lucrum
1133 1938 1335 2012 quaererent,
1359 1929 1414 1989 sed
1430 1924 1548 1989 visendi

219 2034 315 2080 eausa
339 2017 503 2094 venirent,
528 2018 669 2082 studiose
695 2039 733 2082 ue
754 2023 993 2105 perspicerent,
1018 2023 1094 2107 quid
1116 2034 1269 2105 ageretur
1290 2032 1405 2104 etque
1428 2021 1546 2082 modo:

217 2111 316 2175 item⁶
333 2133 393 2175 nos
416 2112 506 2198 quasi
520 2113 550 2176 in
574 2042 732 2177 meresiius
754 2120 910 2199 quandam
935 2104 1174 2179 celebritatem⁷
1194 2136 1236 2177 ex
1255 2115 1335 2177 urbe
1358 2112 1477 2197 aliqua,
1503 2112 1548 2177 sic

185 2276 189 2283 Α
216 2203 248 2268 iu
271 2206 471 2294 hancnvitam
494 2206 618 2272 exalia
641 2207 704 2271 vita
732 2221 763 2272 et
789 2222 901 2272 natura
926 2211 1114 2292 profectos,
1139 2208 1219 2272 alios
1253 2206 1379 2291 gloriae
1402 2206 1543 2281 servire,

216 2298 296 2364 elios
326 2298 502 2383 pecuniae;
531 2302 624 2364 raros
647 2324 716 2367 esso
734 2307 911 2387 quosdam,
943 2303 1014 2388 qui,
1046 2303 1160 2375 ceteris
1186 2302 1332 2366 omnibus
1362 2300 1545 2382 pronihilo

217 2393 353 2473 habitis,
393 2416 499 2458 rerum
520 2407 665 2460 naturam
689 2398 831 2463 studiose
851 2398 1070 2471 intuerentur3
1097 2397 1159 2459 hos
1182 2417 1216 2459 se
1235 2395 1397 2476 appellare
1419 2392 1546 2475 sapien·

217 2488 280 2551 tiae
302 2488 482 2564 studiosos,
507 2486 608 2551 idest
631 2491 711 2555 cuim
733 2493 966 2578 philosophos:
992 2505 1024 2556 et
1046 2502 1079 2553 ut
1098 2491 1162 2555 illio
1185 2488 1437 2553 liberalissimum
1452 2499 1545 2567 esset,

217 2594 382 2665 spectare,
407 2583 484 2646 nihil
509 2582 570 2646 sihi
592 2587 833 2670 acquirentem„
852 2586 953 2650 sicin
972 2586 1036 2649 vita
1060 2584 1157 2669 louge
1178 2583 1325 2648 omnibus
1340 2581 1451 2644 studiis
1467 2601 1544 2645 con·

216 2674 454 2761 templationem
476 2698 582 2740 rerum
606 2680 907 2766 cognitionemque⁸
929 2692 1107 2764 praestare.

170 2760 177 2775 ¹
224 2832 229 2840 ,
301 2770 367 2834 lv.
392 2771 446 2834 10.
469 2771 540 2834 Nec
559 2793 639 2836 vero
662 2775 866 2860 Pythagoras
889 2773 1023 2840 noniinis
1046 2774 1148 2836 solnm
1171 2770 1340 2847 inventor,
1364 2771 1421 2832 sed
1438 2789 1543 2831 rerum

215 2864 309 2929 etiam
332 2864 473 2947 ipsarum
496 2866 706 2948 amplificator
725 2869 798 2933 luit.
859 2870 923 2951 Qui
953 2892 1049 2955 quum
1077 2880 1152 2950 post
1173 2867 1258 2931 hunc
1279 2864 1452 2929 Phliasium
1476 2885 1545 2928 ser·

216 2979 341 3025 monem
364 2958 397 3022 in
418 2959 544 3023 ltaliam
566 2961 725 3038 venisset,
750 2966 919 3028 exornavit
936 2984 1004 3026 eam
1023 2960 1211 3036 Graeciam,
1236 2979 1318 3044 quae
1333 2981 1447 3044 inagna
1462 2959 1544 3021 dicta

216 3065 282 3129 est,
318 3064 350 3116 ct
382 3052 532 3136 privatim
554 3064 586 3118 et
608 3055 752 3138 publice,
790 3056 1069 3140 praestantissimis
1100 3067 1132 3119 et
1163 3053 1315 3118 institutis
1349 3066 1380 3117 et
1410 3051 1542 3115 artibus.

218 3145 319 3231 Cuius
341 3148 380 3210 de
404 3146 570 3229 disciplina
592 3147 678 3211 aliud
699 3161 823 3234 tempus
854 3151 953 3219 fuerit
973 3150 1112 3215 fortasse
1134 3148 1270 3213 dicendi.
1316 3150 1378 3211 Sed
1400 3149 1440 3211 ab
1463 3145 1542 3209 anti·

217 3261 278 3323 qua
300 3240 506 3323 philosophia
528 3263 629 3328 usque
652 3245 692 3307 ad
714 3246 899 3325 Socratem,
936 3244 993 3331 qui
1012 3244 1226 3320 Archelaum,
1256 3244 1472 3326 Anaxagorae
1495 3238 1542 3301 di·

99 3364 104 3375 ·
217 3334 390 3417 scipulutn,
417 3334 577 3413 audierat,
602 3339 724 3401 numeri
747 3351 916 3424 motusque
938 3340 1177 3414 tractabantur,
1202 3350 1234 3401 et
1255 3339 1336 3400 unde
1359 3338 1462 3400 omnia
1478 3330 1543 3399 ori-

217 3438 347 3503 rentur,
373 3448 483 3512 quove
504 3429 727 3495 reciderent⁹s
752 3431 959 3517 studioseque
983 3433 1022 3494 ab
1038 3431 1087 3494 his
1097 3433 1124 3471 ¹⁰
1146 3430 1283 3494 siderum
1299 3428 1541 3515 magnitudines,

217 3519 408 3596 intervalla,
433 3543 546 3589 cursus
562 3525 811 3608 anquirebantur
821 3528 861 3602 ¹¹,
886 3538 918 3590 et
940 3537 1055 3590 curucta
1070 3526 1230 3590 caelestia.
1275 3526 1425 3589 Socrates
1441 3535 1545 3585 autem

216 3613 339 3697 printus
362 3611 598 3699 philosophiam
621 3620 826 3684 devocavit¹²
849 3641 866 3682 e
889 3622 998 3698 caelo,
1035 3633 1066 3684 et
1087 3623 1119 3685 in
1142 3620 1274 3684 urbibus
1297 3617 1486 3694 collocavit,
1511 3625 1544 3677 et

166 3786 172 3803 .
215 3707 248 3771 iu
271 3710 384 3773 domus
399 3710 424 3751 ¹³
447 3710 541 3774 etiam
563 3710 763 3790 introduxit,
787 3726 818 3777 et
827 3716 855 3755 ¹⁴
876 3713 988 3799 co'e'git
1009 3717 1048 3779 dc
1070 3715 1136 3779 vita
1150 3726 1182 3778 et
1197 3714 1357 3788 moribus,
1381 3710 1542 3794 rebusque

215 3802 309 3866 bonis
333 3815 364 3866 et
385 3802 474 3867 malis
496 3825 664 3888 quaerere.
710 3811 763 3870 11.
788 3806 890 3881 Cuius
911 3809 1077 3893 mtrltiplert
1099 3810 1183 3873 ratio
1198 3806 1395 3890 disputandi,
1418 3825 1542 3868 rerum·

214 3917 278 3980 que
302 3896 456 3975 varietas,
481 3910 512 3961 et
534 3898 655 3985 ingenii
676 3902 888 3987 magnitudo,
912 3903 1057 3968 Platonis
1079 3901 1230 3967 memoria
1252 3914 1284 3966 et
1305 3900 1405 3965 literis
1427 3918 1542 3963 conse·

215 4028 1540 4057 ...nnn-*m

287 4107 326 4174 (¹)
344 4134 384 4151 -
401 4105 478 4160 dont!
497 4111 603 4165 Pearcii
624 4128 699 4184 cnsp.
718 4113 840 4187 improb.
861 4114 930 4169 Ern.
966 4112 1007 4190 (²)
1025 4144 1064 4158 -
1082 4133 1140 4169 om.
1159 4133 1255 4169 omues
1274 4088 1336 4170 Gr..
1362 4112 1456 4189 (³),-
1468 4132 1541 4185 per-

209 4185 320 4235 venisse
345 4181 417 4238 Otr.
444 4190 491 4250 (-
514 4192 643 4254 veniere,
662 4204 775 4261 eumque
793 4188 899 4244 Lcnrrte
921 4193 954 4246 D.
974 4209 1049 4265 cnsp.
1069 4192 1154 4257 „Non
1173 4190 1280 4245 male.”
1297 4191 1367 4265 Erq.
1386 4209 1411 4244 r.
1428 4191 1540 4262 Wopk-

209 4256 336 4385 psl-vm)
348 4257 617 4393 Gilgh-Lqplvupvte
638 4264 709 4377 211.
729 4266 893 4367 PulBSqV..
918 4265 956 4360 (⁵).
975 4288 1013 4321 ε
1031 4273 1169 4339 quoesisse
1189 4267 1348 4395 prllgML.
1386 4264 1492 4396 (⁶)CSio
1511 4264 1540 4320 b.

208 4487 461 4556 cogitationemque
481 4486 514 4539 tt.
534 4488 605 4545 011.
625 4489 710 4544 mCV.
749 4490 786 4566 (⁹)
808 4495 857 4546 Sic
878 4492 945 4547 cdd.
966 4495 1031 4566 aliq.
1051 4499 1136 4548 etlam
1156 4496 1277 4557 seboin.
1297 4492 1332 4546 D.
1353 4492 1421 4548 Lall.
1441 4496 1493 4557 W.
1513 4497 1539 4547 2.

207 4585 243 4601 --
263 4559 424 4612 recederent
443 4559 524 4623 lbi).
544 4564 774 4620 PaBsEcth.
796 4576 821 4625 1.
861 4567 911 4641 (¹⁰)
930 4585 968 4623 ω
986 4576 1022 4621 iis
1040 4568 1068 4623 b.
1089 4570 1186 4627 SEW.
1208 4576 1233 4624 2.
1273 4565 1323 4641 (Η)
1344 4568 1390 4622 Sic
1411 4571 1471 4639 (Β.)
1488 4564 1538 4623 Cd.

209 4633 329 4689 Schottl.
356 4635 421 4688 Alli.
450 4636 504 4690 VL.
532 4637 612 4711 chq.
632 4655 671 4692 ee
703 4644 918 4713 inquirebantur
944 4647 1016 4705 061.
1043 4645 1227 4700 Passssscm.
1277 4644 1328 4710 (¹²)
1353 4661 1393 4699 ω
1410 4648 1540 4697 evocavit

208 4710 295 4783 Regio
315 4708 414 4765 tribuit
433 4711 523 4765 Βοιὼ.
544 4730 642 4768 contra
662 4734 751 4772 meam
771 4718 963 4774 cossarionem.
1011 4722 1120 4776 Habent
1139 4720 1215 4774 Leid.
1236 4720 1308 4775 ose
1330 4722 1466 4793 decepere
1486 4717 1537 4776 W.

206 4785 406 4932 Ξῖμέῒέὴε
436 4791 466 4837 la
493 4786 594 4842 domur
622 4793 668 4862 (ll.
699 4809 768 4850 terte
803 4798 851 4863 D.)
881 4798 916 4851 ὓ.
948 4826 986 4840 -
1020 4802 1051 4850 ia
1077 4796 1203 4850 domibus
1232 4794 1283 4851 Gr.
1306 4794 1378 4898 qlss·
1429 4798 1480 4866 (¹⁶)
1502 4808 1538 4847 ‘⁸
