3384 5359
217 415 222 448 l

232 295 295 360 am
659 297 886 361 ununnnu
909 261 1123 362 nmnunn.

229 454 293 491 nem
314 452 435 510 unquam
464 440 588 504 triverit,
614 454 672 492 nou
692 441 733 490 sic
752 441 844 511 potina
863 442 1007 511 scripsisse
1027 434 1204 492 deieraverit:
1236 438 1290 491 Ett
1308 455 1407 493 natura
1429 450 1558 494 tenerur

229 510 362 585 quiddam
385 521 414 565 et
435 512 539 586 ,mallet
571 513 664 580 Quare
690 517 732 566 tic
758 513 935 584 corrigendus
961 529 1003 566 ιιι
1030 528 1105 567 totns
1129 514 1224 566 locui:
1251 514 1309 567 Sed
1330 524 1375 568 est
1402 518 1559 572 Narona

212 588 320 641 ‘FERE
339 593 370 640 in
389 591 492 639 animis
510 595 634 638 tenerum
652 586 782 660 quiddam
802 598 884 659 atque
902 589 998 654 molle,
1028 589 1103 659 qnod
1120 590 1315 657 aegritudine,
1346 599 1428 662 prensi
1446 601 1559 665 tempe-

228 671 322 728 state,
346 669 502 736 quatiatur.
547 663 590 715 lta
618 668 648 715 in
666 662 778 716 Tuscul.
799 665 843 730 11,
863 670 908 721 20.
935 664 999 716 loco
1025 665 1091 718 huic
1110 661 1256 720 simillimo
1276 684 1303 719 ιι
1323 665 1404 739 plane
1424 669 1562 740 gemello:

228 737 284 791 Est
301 742 332 789 t'n
350 743 452 790 animis
476 742 598 799 omnium
622 735 681 791 fere
706 753 804 792 natura
831 740 914 790 molle
939 738 1085 809 quiddam,
1114 739 1277 806 demissum,
1307 739 1417 795 immite.
1463 746 1559 813 Quare

160 846 164 854 ·
229 818 321 888 ipaum
343 814 523 878 Ciceronem,
545 811 680 881 optimum
701 812 816 878 ducem,
835 827 994 887 aequamur;
1016 829 1042 866 et
1063 814 1191 886 vapulent
1212 815 1340 869 librarii.

305 889 385 944 Cae.
398 879 450 943 lii.
472 890 510 941 Ut
529 882 698 958 fftgiamrts
716 889 878 957 ambignum
897 907 996 940 nomen
1014 889 1147 955 mvidiae,
1167 890 1242 960 quod
1251 891 1367 946 verbum
1380 892 1493 945 drictum
1511 902 1558 945 est

227 966 314 1017 nimia
333 963 467 1026 intuendo
477 962 635 1034 fortunam
653 964 782 1036 alterins]
808 964 954 1017 Blandum
973 965 1041 1017 mibi
1062 981 1126 1018 eane
1145 970 1317 1038 coniectura,
1335 984 1415 1039 quae,
1434 984 1465 1022 ιιι
1485 969 1556 1022 haec

227 1037 294 1112 legi,
315 1044 449 1092 continuo
468 1043 542 1091 venit
563 1043 591 1091 in
612 1053 749 1092 mentem:
770 1054 853 1112 quam
873 1044 925 1092 etsi
946 1030 1084 1094 varam‘et
1105 1056 1207 1093 certam
1222 1059 1280 1095 esre
1294 1059 1434 1116 praestare
1448 1043 1553 1104 nolim:

229 1131 260 1166 ιιι
286 1112 470 1167 erubescenda
498 1128 591 1166 tamen
617 1117 687 1167 mihi
715 1120 767 1180 ait,
794 1115 885 1168 nullus
911 1132 1014 1167 vereor.
1060 1115 1207 1185 Quomodo
1226 1134 1293 1188 ergo
1312 1121 1418 1171 invidia
1437 1134 1452 1170 a
1472 1125 1556 1171 nimis

228 1186 381 1242 intuendo?
401 1190 481 1242 Certe
501 1194 547 1260 qui
567 1191 652 1241 nimis
670 1195 795 1240 intuetur
814 1186 954 1243 fortunam
975 1189 1104 1257 ulterius,
1123 1208 1173 1244 cur
1192 1210 1225 1245 eo
1246 1198 1333 1265 magia
1350 1194 1405 1246 eibi
1420 1193 1553 1247 iuvidiam

228 1268 258 1316 in
278 1279 371 1316 meme
391 1268 521 1331 suscitet,
550 1281 631 1335 quam
650 1264 880 1329 admirationem,
908 1265 1046 1332 amorem,
1079 1282 1106 1320 et
1127 1267 1195 1320 aliae
1214 1268 1374 1321 offertiones
1394 1269 1430 1320 ab
1449 1269 1553 1322 invidia

228 1338 479 1406 disiunctissimas,
508 1355 565 1392 non
589 1341 716 1411 equidem
737 1338 826 1393 video.
871 1342 966 1392 Nirms
984 1346 1110 1393 intuetur
1129 1358 1237 1395 amator
1256 1346 1393 1416 impotem
1415 1360 1443 1397 ιι
1461 1345 1554 1417 perdi·

228 1427 289 1479 tua,
308 1412 355 1467 ted
375 1433 432 1467 non
451 1413 565 1469 inuidet.
596 1415 691 1468 Nimis
708 1421 834 1468 intratur
854 1415 948 1488 vulgus
967 1413 1108 1470 fortunam
1128 1415 1260 1484 diuitum,
1281 1418 1433 1484 nobilium,
1455 1437 1551 1492 poten·

228 1492 316 1546 aium:
343 1507 430 1561 neque
451 1505 542 1544 tamen
563 1507 660 1544 omnet
680 1488 819 1552 invideam
849 1491 940 1564 plurea
960 1490 1055 1544 colunt
1076 1508 1103 1545 ιι
1123 1509 1294 1547 venerantur.
1333 1496 1455 1562 Quaeri
1478 1512 1550 1548 recte

228 1562 373 1626 dicuntum
400 1570 539 1637 requitur,
558 1581 589 1619 ιιι
609 1584 665 1618 non
686 1582 760 1618 recte
780 1584 868 1637 neque
889 1570 999 1639 proprie
1020 1567 1122 1622 invidia
1144 1566 1253 1622 dicatur
1272 1585 1286 1620 a
1305 1573 1390 1621 nimis
1409 1570 1549 1623 intuenda.

227 1638 297 1693 Vide
316 1657 391 1694 nuno
410 1657 534 1695 nostram
553 1646 752 1694 coniecturam.
783 1639 920 1713 Equidem
940 1647 981 1694 aic
1000 1641 1128 1713 legerim:
1149 1645 1187 1695 Ut
1205 1638 1373 1713 effugiamus
1390 1647 1548 1716 ambignum

229 1731 329 1767 nomen
347 1715 491 1782 Inuidiae,
516 1716 590 1787 qaod
613 1717 727 1769 verbrtm
747 1715 858 1769 ductum
877 1725 919 1768 est
938 1736 956 1768 a
975 1716 1086 1770 LIMIS
1104 1720 1237 1770 intuendo
1247 1717 1405 1790 fortunam
1424 1723 1548 1773 alternes.

229 1792 301 1846 Nam
330 1791 403 1842 timis
430 1796 536 1843 intrari
564 1796 707 1866 proprium
735 1788 792 1846 lere
821 1808 849 1846 et
877 1792 1015 1867 peculiare
1046 1809 1088 1846 ιιι
1117 1796 1247 1849 invidiae.
1291 1796 1423 1850 Horatius
1449 1797 1550 1852 Noster

228 1867 434 1934 Eiet.l‚1i.
612 1907 616 1914 ,
833 1871 836 1882 “
881 1897 885 1906 -

253 1884 271 1939 p
452 1941 521 1993 Nun
538 1944 603 1994 istic
622 1940 736 2011 obliquo
755 1939 834 1992 oculo
854 1959 916 1993 mea
934 1941 1078 1994 commoda
1097 1947 1241 2014 qaisquam

454 2019 562 2082 limat,
581 2033 638 2068 non
656 2016 720 2068 odio
740 2015 857 2069 obscuro
875 2035 1020 2089 morsuque
1038 2027 1169 2072 venenat.

156 2087 157 2090 '
229 2090 328 2164 virgil.
347 2092 415 2146 Aen.
436 2092 493 2160 iil,
511 2096 575 2153 357.

737 2184 816 2237 quem
835 2166 930 2233 gloria
948 2164 1039 2218 Tarni

455 2240 575 2312 Obliquat
594 2239 716 2308 invidia,
733 2241 905 2310 stimulisque
924 2241 1058 2310 agitabat
1075 2249 1193 2299 amaris.

230 2314 347 2372 Ovidius
366 2316 483 2370 Metam.
504 2317 549 2381 11,
571 2320 633 2376 776.
653 2321 683 2369 in
703 2315 889 2388 descriptione
910 2317 1043 2384 Invidiae,

278 2389 280 2393 ⁴
452 2390 547 2443 Pallor
566 2395 596 2443 t'n
614 2410 664 2443 ore
683 2391 777 2453 sedet,·
796 2398 900 2442 macies
917 2399 948 2444 in
966 2409 1082 2464 corpore
1102 2400 1180 2445 tuta:
1273 2389 1278 2402 '

453 2465 593 2539 Nuaquam
612 2481 688 2521 recta
707 2472 796 2520 acies:
824 2469 916 2518 livent
934 2467 1064 2537 rubigine
1083 2467 1190 2533 demas,

229 2559 258 2597 et
279 2547 343 2603 787.
381 2541 436 2594 Illa
461 2535 541 2594 deam
567 2540 680 2616 obliquo
697 2541 864 2615 fugientem
890 2542 994 2596 lumine
1020 2560 1143 2596 cernens.
1181 2542 1304 2597 Lucilius
1330 2541 1403 2618 apud
1425 2545 1543 2600 Nonium

229 2623 260 2671 iu
278 2636 304 2673 v.
324 2616 469 2672 Strabone.

454 2691 534 2745 lliullt
552 2710 594 2744 me
614 2689 752 2759 invidere,
770 2710 827 2745 non
845 2691 1005 2747 arrabonem
1016 2691 1089 2766 fieri
1107 2698 1218 2766 saepias

453 2767 572 2820 Deliciis
589 2786 632 2819 me
651 2773 777 2820 tatarum.
800 2801 957 2815 —--
1167 2797 1169 2804 ·

186 2845 188 2854 ‘
229 2842 337 2899 Pliniua
357 2840 391 2895 de
409 2840 548 2900 Leonibus
569 2843 652 2909 vni,
675 2841 719 2900 19.
765 2827 866 2897 Cetera
885 2842 955 2897 dolie
975 2853 1075 2896 carent
1092 2851 1122 2896 et
1140 2848 1313 2917 suspicioner
1340 2863 1391 2897 nec
1409 2843 1484 2899 limis
1503 2850 1543 2899 iu·

228 2933 342 2974 tuentur
360 2917 464 2983 oculis,
483 2922 570 2991 aspici
588 2936 620 2968 ne
639 2918 725 2970 simili
742 2918 823 2970 modo
843 2919 950 2971 noiant.
989 2918 1101 2973 Plautus
1121 2920 1222 2974 Raocb.
1242 2920 1275 2987 V,
1296 2926 1322 2976 2.

456 2995 489 3048 Α.
518 2937 619 3049 Viden
638 2992 759 3058 lineolis,
779 2994 908 3059 obsecro,
929 3002 960 3045 ut
980 2996 1142 3048 intuenturl
1236 3064 1238 3068 .

453 3070 486 3123 B.
514 3067 636 3121 Ecastor
654 3074 716 3120 sine
735 3074 811 3120 omni
828 3070 956 3121 arbitror
975 3070 1081 3122 malitia
1101 3085 1169 3123 esse.

229 3141 315 3198 Vides
335 3148 392 3198 iam
411 3144 485 3197 limis
503 3148 607 3196 intueri
626 3161 685 3197 ιιιι
705 3141 842 3210 invidiae,
867 3143 939 3210 doli,
964 3149 1148 3216 suspicionis,
1172 3142 1296 3199 malitiae
1315 3148 1435 3219 signum.
1472 3144 1542 3218 Ergo

227 3218 342 3271 Invidia
363 3225 454 3292 potius
474 3236 489 3272 a
508 3217 802 3292 limis-adspectando‚
821 3236 902 3291 quam
921 3236 942 3270 a·
955 3225 1048 3273 nimis.

304 3293 383 3347 Cae.
403 3296 470 3350 xii.
497 3296 597 3366 Qrtalis
620 3299 694 3346 enim
719 3294 771 3346 tibi
794 3295 841 3346 ille
859 3295 972 3347 videtur
992 3294 1115 3347 Tantalo
1130 3303 1307 3365 prognatus,
1334 3294 1435 3364 Pelope
1453 3304 1541 3359 natas,

165 3412 166 3415 ,
228 3373 291 3440 qni,
311 3369 450 3439 qnondam
469 3389 488 3422 a
506 3388 602 3422 socero
621 3369 763 3422 Oenomao
783 3388 852 3439 rege
870 3370 1087 3443 Hippodamiam
1106 3377 1190 3440 raptis
1208 3378 1309 3421 nactas
1326 3372 1451 3442 nuptiis?
1469 3372 1543 3423 Iovis

227 3444 275 3495 ille
293 3443 401 3513 quidem
416 3462 565 3516 pronepos.
604 3444 710 3498 Tamne
728 3463 799 3513 ergo
819 3445 958 3510 abiectas,
980 3454 1090 3518 tamque
1100 3442 1255 3518 fractrtsl]
1283 3446 1358 3499 Haec
1377 3464 1410 3499 ex
1428 3447 1542 3518 Tiagico

228 3521 348 3590 quodam
369 3524 455 3591 petita
474 3538 532 3574 ιιιι
553 3537 598 3587 ιιι,
618 3535 649 3574 ιιι
669 3520 757 3587 solea,
775 3535 856 3574 acute
875 3525 1037 3588 coniecisti,
1064 3535 1090 3575 ιι
1110 3525 1248 3580 senarium
1267 3519 1331 3574 iude
1349 3526 1462 3588 eruisti,
1491 3524 1541 3574 niai

227 3591 301 3667 quod
321 3593 426 3667 syllaba
446 3600 533 3667 prima
553 3593 639 3649 dealt:

452 3700 609 3714 -—-
628 3667 843 3743 Hippodamiam
861 3678 948 3743 raptu
965 3673 1059 3724 nacta’
1076 3678 1105 3723 at
1122 3675 1236 3741 ruptiis.

229 3741 283 3799 Sed
303 3760 384 3816 quem
405 3758 436 3796 tu
454 3748 594 3796 senarium
614 3762 643 3797 ιι
664 3744 828 3811 arbitratus,
854 3762 896 3799 ιιι
916 3762 978 3819 pare
998 3747 1144 3802 'l'roehaici
1171 3747 1334 3819 septenariiz
1361 3747 1451 3799 multo
1469 3749 1540 3799 enirn

229 3821 308 3894 plura
329 3835 394 3875 aunt
412 3821 515 3873 Poitae
534 3819 582 3871 hic
601 3819 699 3885 verba,
719 3835 788 3892 quae
808 3825 850 3874 aic
869 3820 1053 3895 disponenda:
1081 3821 1182 3890 Qualis
1200 3826 1271 3873 enim
1290 3821 1342 3871 tibi
1359 3823 1406 3873 itte
1423 3815 1543 3888 uidetur,

454 3894 577 3947 Tantalo
593 3894 780 3970 prolgnatns,
803 3894 998 3972 Pelopelnatmr
1016 3902 1062 3968 qni
1079 3892 1227 3993 qaonpdam
1244 3915 1262 3947 a
1279 3913 1363 3947 socru

453 3969 594 4021 Oenomao
614 3967 692 4045 relge
711 3970 929 4042 Hippodamiam
945 3970 951 4048 Ι
967 3981 1051 4045 raptu
1070 3979 1155 4046 nacta
1181 3980 1210 4023 st
1225 3967 1232 4047 Ι
1247 3975 1363 4044 nuptiis.

451 4046 529 4097 Iovis
547 4049 601 4096 iste
619 4043 752 4191 quidem)
759 4048 920 4118 pronepos?

229 4121 337 4175 Tamne
355 4138 427 4191 erga
445 4120 582 4186 abierim,
601 4129 711 4192 tamque
746 4123 865 4172 ructus?
889 4122 945 4176 Ubi
965 4125 1046 4175 metri
1064 4121 1172 4174 talione
1191 4118 1318 4174 inductus
1338 4121 1426 4172 Socra
1443 4135 1543 4192 repono

229 4214 280 4270 pro
300 4198 411 4249 Socero.
452 4195 498 4250 Sic
517 4200 591 4249 enim
609 4196 741 4249 Naevium
760 4196 885 4250 locutum
904 4213 963 4252 etae
984 4199 1062 4249 teatio
1082 4211 1123 4249 ιιι
1143 4196 1249 4250 Noniae
1269 4201 1298 4249 in
1310 4196 1421 4260 Sarrae,
1439 4198 1544 4249 Attium

227 4273 388 4328 Priscianus
409 4287 470 4346 pag.
489 4272 554 4329 698.
592 4270 735 4326 Sententia
755 4287 813 4336 ιιι,
840 4273 988 4345 Thyestem
1009 4269 1094 4324 lutare
1113 4270 1223 4345 Pelopia
1244 4270 1345 4336 filium,
1371 4269 1482 4325 Tantali
1500 4288 1544 4324 ne·

227 4363 338 4423 potem,
359 4348 431 4401 lotia
452 4361 642 4420 pronepotem.
680 4341 845 4401 Emendatio
865 4365 913 4420 per
931 4364 960 4400 ae
980 4345 1052 4398 clara
1072 4362 1130 4400 eat:
1155 4347 1296 4401 Continuo
1315 4351 1455 4418 nequitur:

303 4420 394 4477 ibid.
420 4413 519 4473 Nolite
539 4418 655 4496 (inquit)
674 4420 798 4494 hospites
816 4422 856 4473 ad
873 4441 915 4473 me
934 4422 1014 4473 adire
1033 4421 1108 4474 illico
1127 4426 1210 4485 istie,-

421 4497 467 4549 Ne
487 4502 621 4565 contagio
640 4515 700 4548 mea
720 4497 801 4549 bonis
820 4497 954 4548 anthrave
973 4496 1055 4563 obsit,

327 4591 334 4604 ‘
422 4571 518 4624 Tanta
537 4577 584 4623 uis
601 4573 713 4626 sceleris
731 4578 761 4623 tn
780 4590 896 4644 corpore
915 4570 1024 4640 ltaeret]

225 4651 336 4703 Fruatra
363 4648 410 4701 hic
435 4646 597 4700 laborarunt
625 4651 676 4699 viri
703 4652 831 4714 maximi,
860 4652 907 4718 qui
936 4647 1004 4700 baec
1030 4643 1064 4698 ad
1089 4662 1218 4701 numeros
1238 4662 1301 4700 ιιιοι
1321 4649 1465 4699 reatituere
1485 4659 1544 4698 sum

225 4729 329 4778 conati.
367 4723 513 4777 Turnebus
533 4737 560 4775 et
581 4720 740 4778 Gerhardus
754 4723 867 4776 Voaeiua
889 4722 1028 4775 iambicos
1048 4729 1170 4776 aenarioa
1190 4722 1237 4775 hio
1257 4736 1404 4793 quaerant:
1423 4719 1472 4774 ted
1492 4726 1544 4773 vina

225 4798 332 4853 iaciunt
359 4798 506 4873 serbprum
533 4796 624 4851 ordini
650 4814 707 4850 non
733 4796 814 4851 facile
840 4795 1049 4851 admittendam.
1088 4799 1171 4850 lanua
1192 4797 1358 4852 Guilielmua
1377 4796 1544 4849 Trocbaioos

225 4874 413 4928 Tetrametros
433 4870 555 4945 effingit,
582 4870 630 4928 sed
649 4877 737 4927 nimia
756 4890 820 4927 utus
839 4874 955 4932 licentia
974 4876 1005 4927 in
1023 4872 1163 4928 vocabulis
1182 4887 1235 4945 qua
1255 4870 1411 4940 mutandit,
1429 4888 1483 4943 qua
1501 4869 1544 4924 ad-
