3384 5359
157 102 166 159 l

223 253 286 320 soa
483 244 748 327 cadumum
768 232 1000 328 trunsum
1022 262 1114 326 Lus.
1138 263 1165 327 i.
1190 259 1231 327 c.
1253 262 1289 326 s.
1378 303 1383 309 .
1497 362 1502 371 .

735 485 763 553 C
779 486 811 550 Α
826 488 869 552 Ρ.
905 487 963 551 VI
974 487 1027 553 11.

257 596 435 675 ,Romanis
451 597 668 722 philosppbis
688 599 801 663 utitur
821 600 965 664 testibus
986 600 1027 662 de
1048 564 1184 663 animia
1206 598 1501 686 incorporalitate.

309 736 523 803 Plurimorum
541 737 573 801 in
592 730 755 824 negotium
778 761 928 824 praesens
950 740 1214 823 pbilosophorum
1235 737 1377 822 plurimis
1398 738 1547 803 testimo·

223 833 282 897 niis
307 832 355 896 usi
379 852 500 895 strenus.
544 832 732 919 Multoeque
754 858 795 897 ex
817 837 928 898 eadem
947 832 1102 908 Graecia,
1133 833 1158 895 si
1186 833 1235 895 vel
1260 855 1352 911 caiisa
1377 845 1543 914 posceret,

224 926 276 989 vel
298 927 379 989 ratio
402 924 534 1002 sineret,
560 926 909 1010 prolerreipossemus.
956 928 1018 990 Sed
1036 949 1075 989 ue
1093 925 1239 990 localiter
1259 928 1421 989 veritatem
1442 948 1545 1011 qiiae-

224 1021 302 1084 sisse
327 1020 507 1094 videamur,
541 1030 575 1080 ut
607 1020 686 1082 haec
710 1024 817 1084 eadem
844 1023 884 1083 ab
906 1043 968 1084 tina
998 1034 1084 1083 tantu
1098 1045 1114 1081 u
1148 1020 1251 1097 videri
1280 1034 1374 1105 geute
1402 1020 1546 1106 quiverit

225 1126 256 1176 ot
285 1114 354 1176 aliis
385 1113 529 1198 ignorata
559 1112 619 1190 sit,
644 1136 750 1196 .quum
780 1115 849 1178 veri
878 1136 1011 1197 compos
1037 1118 1171 1178 hitmana
1193 1117 1366 1183 substantia
1392 1138 1453 1180 nou
1475 1117 1544 1177 sit²

222 1208 374 1292 regione,
408 1210 464 1269 sed
497 1227 635 1291 genere,
674 1208 837 1284 Romanos
865 1208 957 1272 etiam
986 1212 1178 1291 eosdemque
1205 1208 1417 1290 philosophos
1442 1220 1545 1270 testes

223 1305 371 1375 circinum
399 1303 482 1383 apud
504 1323 585 1386 quos
605 1301 731 1385 Sextius
749 1314 859 1382 pater,
887 1301 1034 1365 Sextius²
1054 1301 1155 1375 lilius,
1180 1323 1342 1383 propenso
1361 1300 1392 1364 iu
1412 1302 1546 1362 exerci-

221 1396 301 1463 tium
326 1394 499 1476 sapientiae
524 1395 628 1459 studio
659 1395 803 1476 apprime
835 1393 1050 1478 philosophati
1084 1408 1173 1472 scint,
1212 1394 1306 1478 atque
1334 1396 1414 1456 hanc
1441 1415 1546 1475 super

221 1488 306 1553 omni
342 1489 444 1551 anima
478 1489 577 1551 tulere
611 1488 815 1551 sententiam:
859 1489 1113 1570 incorporalis,
1148 1488 1308 1572 inquiunt,
1346 1487 1455 1552 oannis
1484 1500 1546 1550 est

223 1582 341 1645 anima
364 1594 398 1645 et
420 1583 564 1649 illocalis
584 1594 686 1666 aiqioe
707 1581 955 1665 indeprehensa
975 1581 1026 1645 vis
1047 1580 1232 1665 pitantiam
1256 1603 1341 1665 qima
1363 1582 1434 1644 siue
1454 1601 1545 1663 spa-

220 1677 272 1740 tio
292 1699 408 1760 capax
430 1698 556 1759 eorpus
576 1675 694 1739 inaruit
716 1686 749 1738 ei
769 1675 931 1739 continet.
981 1676 1099 1738 Acrius
1122 1675 1191 1749 isti,
1216 1674 1247 1737 ni
1267 1675 1383 1750 fallor,
1411 1677 1545 1738 abstru-

221 1791 272 1834 sas
291 1792 396 1833 rerum
415 1769 555 1833 rationes
575 1766 710 1853 ingressi
731 1780 821 1844 simi,
850 1788 943 1851 quain
966 1767 1107 1831 nonnulli
1130 1780 1306 1842 nostrates,
1331 1768 1385 1852 qui
1406 1770 1546 1832 cubicu-

220 1862 307 1927 lariis
329 1862 597 1945 disputationibus
616 1864 654 1924 cle
674 1859 854 1924 sublimium
873 1860 987 1946 indage
1008 1882 1170 1923 causarum
1186 1860 1306 1943 aliquid
1323 1861 1544 1944 soporiferum

218 1957 252 2020 in
281 1956 402 2019 lectulis
434 1955 623 2032 oscitantes,
661 1954 857 2037 perpellente
887 1955 980 2036 copie
1004 1950 1179 2037 ‘tepentium
1211 1955 1390 2017 naeniarum
1418 1955 1544 2020 stolido

219 2051 384 2114 laudatore
406 2060 590 2112 veternosas
619 2046 743 2110 anilium
770 2046 954 2129 opinionum
987 2048 1184 2129 suspiciones
1217 2048 1412 2123 edormiunt,
1445 2048 1545 2112 inne-

218 2165 355 2228 xamque
375 2142 550 2207 visceribus
568 2141 699 2209 aninam
719 2139 865 2221 eorporis
886 2139 1029 2203 clatistris
1051 2139 1170 2202 includi
1194 2152 1226 2202 ct
1248 2141 1403 2204 contineri
1425 2145 1545 2206 decer·

218 2246 308 2302 nirnt.
346 2238 409 2301 Sed
426 2236 508 2300 istud
525 2233 703 2316 imperitiae
723 2231 792 2296 veri
810 2252 929 2295 vacuae
947 2232 1144 2319 figmentum,
1172 2246 1268 2315 prout
1286 2233 1429 2298 locorum
1449 2236 1542 2302 ratio

218 2330 387 2415 poposcit,
414 2342 445 2393 et
467 2330 632 2413 superiore
658 2327 741 2390 libro
769 2325 991 2402 discussimus,
1022 2338 1054 2390 et
1078 2327 1210 2408 prolatis
1236 2349 1318 2390 nunc
1342 2349 1543 2393 summorum

218 2424 341 2508 magnis
364 2434 529 2485 auctorum
553 2418 760 2495 testimoniis,
795 2420 825 2481 io
852 2440 919 2482 rem
946 2419 995 2483 sui
1020 2420 1196 2502 opitulante
1224 2423 1372 2499 veritate,
1403 2422 1540 2486 rationis

219 2538 348 2601 quoque
377 2515 499 2578 viribus
528 2514 714 2578 refellimus.
766 2514 898 2576 blancus
921 2514 1033 2577 Varro
1058 2515 1106 2576 sui
1128 2514 1227 2577 sectili
1251 2514 1470 2595 peritissimus,
1506 2528 1542 2579 et

146 2598 151 2617 ⁸
218 2622 300 2674 teste
323 2609 450 2687 Tullio,
488 2608 625 2672 omnium
656 2605 724 2670 sine
757 2605 952 2669 dubitatione
982 2606 1197 2682 doctissimus,
1233 2610 1308 2690 quid
1332 2608 1363 2670 in
1389 2608 1538 2688 Minime,

219 2704 297 2788 quid
317 2702 349 2766 io
371 2701 627 2777 Aritbmeticis³,
662 2700 739 2784 quid
761 2698 994 2777 Geometricis‚
1033 2678 1123 2784 quiri
1130 2703 1422 2790 φιλοσοφουμένων
1443 2702 1539 2767 libris

220 2794 328 2861 divina
352 2796 484 2882 quadam
513 2793 725 2876 disputatione
741 2791 934 2868 contendit,
972 2792 1030 2856 nisi
1056 2805 1091 2859 ut
1117 2815 1132 2854 a
1158 2793 1333 2885 visibilibus
1361 2799 1399 2858 ad
1423 2795 1540 2860 invisi·

217 2891 305 2966 bilia,
330 2887 519 2953 alocalibu's
540 2890 578 2948 ad
599 2887 749 2961 illocalia,
771 2905 788 2946 a
807 2886 972 2967 corporeis
991 2890 1030 2949 ad
1046 2886 1238 2971 incorporea
1260 2888 1381 2963 †miris
1399 2891 1539 2955 aeternis

218 2985 295 3049 artis
317 2983 440 3047 modis⁴
462 2982 625 3064 abstrahat
650 2980 803 3052 aninumr,
837 2990 869 3041 et
899 2977 932 3040 in
962 3000 1121 3062 corpora,
1156 2982 1220 3045 hoe
1245 2995 1311 3057 est,
1343 2982 1374 3046 in
1401 2985 1538 3049 adversa

217 3078 297 3154 sibi,
324 3077 486 3159 delapsum
510 3073 559 3138 sui
580 3085 761 3156 compotem
784 3072 892 3136 faciat.
937 3071 1000 3138 Cui
1021 3072 1047 3135 si
1069 3095 1188 3156 corpus
1211 3088 1311 3153 esset,
1338 3098 1456 3159 eorpus
1478 3080 1540 3140 ad·

217 3191 345 3233 versum
372 3190 442 3232 esse
468 3189 530 3232 non
557 3177 678 3249 posset.
724 3165 811 3245 Quid
834 3184 916 3247 ergo
938 3186 1021 3228 nttnc
1041 3167 1228 3243 Zoroastri,
1264 3169 1340 3254 quid
1362 3172 1537 3234 Brachma-

218 3284 292 3326 nmn
314 3263 485 3337 secludis,
513 3260 589 3346 quid
609 3258 802 3324 Anacharsis
828 3279 845 3320 e
874 3257 1022 3337 Scythia,
1050 3258 1127 3346 quid
1150 3274 1230 3326 vero
1254 3261 1431 3341 Catonum,
1459 3265 1539 3349 quid

216 3354 325 3421 Marci
351 3354 538 3431 Ciceronis,
567 3353 644 3441 quid
669 3350 883 3435 Chrysippi⁵,
911 3353 978 3435 (qui
1002 3356 1047 3417 ab
1076 3357 1147 3437 ipso
1175 3378 1275 3440 paene
1302 3358 1461 3441 principio
1485 3359 1537 3423 sui

218 3449 327 3533 operis
349 3450 453 3513 animo
475 3447 655 3513 dominandi
681 3447 728 3512 ius
751 3445 881 3521 tribuit,
909 3448 1041 3528 corpori
1062 3448 1168 3534 legem
1190 3452 1350 3516 servitutis
1372 3454 1536 3537 imponit),

215 3544 250 3607 in
275 3540 488 3606 defensionem
514 3540 584 3604 veri
608 3539 778 3604 sententias
803 3538 1080 3621 afferam?.Quid
1105 3542 1193 3607 orbis
1222 3544 1362 3610 universi
1397 3550 1435 3611 de
1467 3548 1538 3612 ani·

218 3650 286 3700 ma'e
318 3627 401 3699 statu
433 3636 525 3709 nobis
559 3653 752 3716 concrepare
784 3632 953 3710 iudiciuin,
991 3635 1023 3697 in
1044 3635 1093 3699 his
1121 3639 1300 3718 dumtaxat,
1336 3639 1390 3725 qui
1419 3640 1536 3706 merito

217 3729 376 3807 enituere,
404 3726 613 3793 convincam?
1267 3746 1269 3753 ’

291 3943 330 4009 (ι)
359 3939 408 3993 ste
433 3938 491 3994 SG‚
513 3966 553 3981 -
580 3942 646 4009 qnia
673 3940 736 3988 veri
763 3935 916 4005 indagatio
943 3934 1082 3988 dismanare
1109 3908 1285 3989 iubstaniiae
1312 3956 1369 3991 non
1396 3945 1437 3993 eit
1467 3943 1536 3997 ΜΒ.

215 4017 254 4085 (9)
274 4015 321 4070 Sia
340 4016 396 4071 SG.
422 4019 516 4085 sicque
542 4013 675 4077 scribitur
701 4011 771 4085 apud
791 4013 924 4066 Senecam
944 4010 997 4083 Ep.
1018 4015 1063 4069 59.
1082 4036 1120 4052 -
1150 4012 1254 4064 Sextus
1272 4044 1291 4056 -
1309 4046 1328 4057 -
1346 4014 1451 4069 Sextus
1469 4017 1534 4072 ΜΒ.

214 4107 346 4166 perpetua
365 4094 508 4143 varietate.
548 4089 585 4156 (³)
605 4089 678 4143 Haec
697 4088 764 4158 quid
779 4093 811 4138 in
828 4084 944 4141 aritiam.
965 4087 994 4141 S.
1014 4086 1058 4158 [].
1098 4088 1135 4153 (⁴)
1155 4088 1231 4141 Haec
1252 4097 1537 4160 corrupte.-mirie
1650 4132 1652 4141 A

215 4170 397 4219 aeternitatis
416 4163 504 4215 modis
524 4162 553 4218 8.
575 4179 649 4236 susp.
669 4177 707 4215 eo
725 4169 806 4214 miris
824 4171 853 4213 et
870 4167 984 4214 manis
1001 4162 1092 4213 modis
1111 4164 1143 4217 B.
1164 4180 1237 4236 enep.
1276 4165 1314 4235 (⁶)
1331 4165 1449 4238 enquid
1466 4168 1535 4221 cri.

214 4246 258 4314 api
276 4242 336 4301 scil.
355 4239 489 4298 sonent.
516 4239 681 4313 Ingeniosa,
700 4255 745 4307 er,
763 4254 794 4292 ut
814 4252 898 4312 puto,
917 4253 980 4292 uere
999 4238 1106 4292 barthii
1126 4241 1258 4312 euspicio.

675 4478 1071 4500 affl—
