3384 5359
1555 209 1581 238 ἱ

234 308 297 371 iii
527 377 530 382 ,
658 299 887 389 BENTLEII
909 310 1125 380 EMENDD.

236 451 267 500 A
284 448 399 512 dolorm
423 451 470 504 sed
490 449 597 505 sublata
615 457 835 526 praepositione,
859 450 957 503 dolore
975 450 1111 503 deductus
1130 459 1189 517 est,
1213 467 1293 523 atque
1311 457 1352 506 sic
1371 451 1454 524 plane
1473 450 1573 504 habet

236 524 323 577 codex
342 542 404 581 tuus
424 528 579 594 Patrensis,
599 527 645 592 sed
666 526 713 580 ille
731 530 869 602 usurpat]
885 546 1047 596 sortituros
1064 543 1091 580 et
1110 527 1211 579 nuliius
1231 532 1414 581 auctoritatis,
1458 530 1574 580 Manu-

237 605 271 653 tii
295 599 381 654 editio
406 617 469 654 cnm
492 601 554 655 aliis
577 602 734 668 nonnullis,
764 622 782 654 a
807 604 905 655 dolore
922 595 1055 656 ‘deuictus
1079 611 1139 658 est:
1164 601 1237 673 quod
1262 602 1410 656 Lambinus
1436 607 1466 655 in
1492 603 1571 654 libri

235 680 358 749 margine
382 677 575 750 amplectitur,
604 683 635 731 ln
659 678 886 731 annotationibus
911 678 1045 750 repudiat.
1085 677 1220 747 Equidem
1243 678 1283 729 vel
1305 675 1376 731 lra‘nc
1404 678 1570 730 lectionem

235 749 359 824 vulgatae
378 752 571 824 praetulerim:
595 771 689 806 verum
709 752 761 804 alia
782 749 875 806 strbe‘st
892 751 973 825 longe
995 752 1093 805 nielior
1111 770 1138 805 et
1158 758 1305 812 sincerior:
1330 769 1427 824 quam,
1451 747 1527 805 licet
1550 771 1570 803 a

234 825 311 878 nullo
330 825 402 878 libro
423 824 483 901 (qui
504 826 587 880 bodie
608 827 738 901 supersit)
760 830 968 891 confirmatam,
995 844 1134 899 praestare
1157 845 1249 881 tamen
1268 834 1356 881 ausim
1375 833 1568 881 verissimam.

236 902 274 953 Ea
292 903 449 955 huiusmodi
465 919 522 958 cst:
546 903 636 971 Qrtum
655 923 674 955 a
689 904 802 956 Zenone
812 902 911 974 fortis
930 922 990 954 esse
1012 903 1173 968 mdidsset,
1196 923 1214 955 a
1233 903 1331 955 dolore
1351 904 1567 957 DEDOCTUS

235 984 296 1028 est:
320 977 381 1029 Hoc
400 994 457 1040 est,
478 977 615 1029 dedoctus
632 988 676 1031 est
697 997 756 1030 esse
767 977 874 1049 fortis.
914 979 1064 1048 Agnoscis,
1091 983 1204 1051 opinor,
1227 979 1379 1050 elegantem
1400 982 1567 1050 oppositio-

234 1063 315 1112 nem,
342 1058 415 1106 inter
433 1052 541 1104 discere
560 1070 588 1106 et
607 1052 736 1105 dedoceri
742 1075 752 1114 ;
778 1070 861 1125 quam
883 1053 948 1105 alibi
970 1071 1077 1126 quoque
1094 1059 1189 1107 (Licet-o
1208 1052 1351 1119 adhibuit,
1376 1069 1406 1106 ut
1425 1053 1461 1105 de
1481 1055 1568 1106 Fini-

233 1126 285 1254 3us
304 1128 333 1191 l,
351 1129 380 1185 6.
401 1132 464 1179 sia
482 1127 626 1201 Polyaeno
645 1134 832 1199 geometriam
850 1126 955 1182 discere
975 1127 1137 1195 matutam,
1162 1148 1244 1202 quam
1262 1130 1339 1180 illam
1358 1134 1445 1181 etiam
1464 1134 1566 1199 pum

254 1201 377 1255 edocere.
775 1211 782 1220 ·
850 1211 854 1220 ’

308 1278 385 1330 Car.
407 1277 513 1333 xxiv,
540 1275 714 1348 Omninoque
743 1296 838 1330 amnes
868 1277 943 1330 clari
973 1287 1003 1330 st
1033 1278 1178 1330 nobititati
1208 1277 1319 1330 labores
1347 1275 1563 1330 contemnendo

227 1348 309 1423 fiunt
328 1352 500 1422 tolerabiles]
528 1354 578 1407 Per
600 1345 860 1425 hbcres'intelligit
880 1353 960 1407 ludos
978 1355 1149 1427 Gymnicos,
1174 1353 1317 1425 Olympia,
1342 1354 1456 1424 Pythia,
1479 1369 1506 1407 et
1530 1351 1562 1404 id

233 1445 335 1500 genus,
359 1442 389 1481 nt
412 1445 445 1479 ex
465 1427 643 1500 sequentibus
662 1445 779 1482 constat.
818 1427 894 1498 Quid
914 1432 998 1501 ergoi
1022 1446 1058 1481 an
1080 1429 1215 1482 eiusmodi
1235 1429 1345 1479 iabores
1363 1428 1431 1481 liunt
1454 1427 1563 1481 tolera·

233 1502 303 1555 biles
323 1502 543 1555 contemnendo?
574 1503 645 1555 nihil
660 1501 718 1556 vidi
737 1510 837 1560 minus.
875 1506 963 1556 lmmo
981 1520 1094 1568 contra,
1115 1509 1161 1575 qui
1179 1503 1364 1567 admirantur,
1392 1509 1437 1573 qui
1458 1503 1562 1575 Olym·

232 1581 341 1651 piorum
360 1582 522 1643 victoriam,
549 1594 579 1631 nt
601 1584 726 1652 superius
746 1583 831 1646 dixit,
856 1585 998 1651 antiquum
1019 1581 1097 1633 illum
1117 1579 1290 1632 consulatum
1314 1577 1504 1644 arbitrantur,
1526 1581 1559 1631 bi

234 1669 311 1706 tanto
329 1650 438 1706 facilius
456 1652 566 1706 labores
586 1671 633 1707 eos
653 1660 859 1727 perpetiuntur,
879 1670 982 1725 quanto
1002 1660 1156 1707 inmature
1177 1652 1317 1707 felicitatis
1338 1670 1415 1725 parte
1435 1670 1559 1726 ponunt.

232 1727 304 1796 Lege
326 1746 476 1799 ergomeo
500 1729 640 1802 periculo,
668 1744 695 1782 et
720 1730 860 1783 librarios
883 1731 991 1802 plorare
1013 1729 1091 1783 iube:
1121 1730 1293 1800 Omninoque
1314 1747 1409 1780 omnes
1430 1731 1505 1781 clari
1526 1737 1560 1780 et

231 1804 376 1855 nobilitati
393 1803 505 1856 iabores
523 1803 827 1858 ΟΟΝΤΕΔὯΕΝΒΟ
840 1804 922 1877 fiunt
941 1805 1110 1864 tolerabiles.
1149 1806 1209 1857 lloc
1228 1809 1301 1857 enim
1320 1821 1377 1869 est,
1402 1803 1480 1874 quod
1496 1821 1558 1856 sse-

232 1883 294 1952 plus
313 1877 435 1932 inculcat
452 1881 565 1943 Cicero,
585 1895 615 1932 ut
632 1896 714 1953 supra
731 1881 797 1953 Cap.
814 1882 911 1934 xxi:
935 1880 1013 1948 Qttae
1031 1889 1097 1932 sunt
1113 1885 1172 1930 ista
1189 1899 1271 1931 arma
1288 1888 1389 1931 contra
1405 1879 1558 1931 dolorem?

233 1957 401 2018 Contentio,
422 1951 605 2025 confirmatio
628 1970 681 2007 cet.
704 1969 731 2008 et
753 1957 849 2010 xxii.
888 1955 1162 2007 Simillimeanimus
1184 1959 1338 2008 intentione
1363 1970 1413 2006 sua
1438 1954 1557 2025 depellit

228 2047 357 2102 pressum
370 2046 477 2079 omnem
492 2028 666 2100 ponderum:
688 2059 845 2075 -—-
864 2046 891 2083 et
912 2029 1027 2085 ibidem.
1064 2031 1097 2082 ln
1114 2030 1240 2081 omnibus
1255 2028 1365 2103 officiis
1377 2047 1557 2102 persequen-

232 2103 277 2154 dis
297 2109 385 2156 animi
410 2112 454 2155 esi
476 2103 634 2156 adhibenda
660 2109 818 2170 contentio,
847 2121 873 2158 et
897 2107 995 2160 xxii.
1034 2106 1118 2157 Crtirts
1140 2111 1328 2158 contentionis
1350 2123 1435 2175 prtum
1457 2114 1556 2155 tamen

230 2184 277 2232 vis
294 2185 349 2246 sit,
374 2183 400 2230 st'
418 2185 542 2248 gemitus
560 2185 590 2231 in
609 2177 707 2234 dolore
729 2180 768 2231 ad
785 2178 1010 2253 confirmantium
1022 2186 1144 2233 animum
1159 2182 1276 2245 vaiebit,
1298 2188 1427 2231 utemur:
1451 2195 1479 2232 et
1501 2185 1554 2232 ite-

232 2272 310 2320 rum,
332 2253 468 2306 Omnibus
486 2260 559 2306 enim
577 2255 675 2320 rebrss,
700 2273 756 2307 non
772 2257 861 2307 solum
878 2256 986 2320 dolori,
1008 2258 1094 2307 simili
1111 2259 1290 2308 contentione
1307 2260 1395 2306 animi
1411 2260 1554 2306 resisten-

231 2329 297 2381 dum
315 2338 381 2388 ests
397 2345 424 2383 et
440 2331 547 2387 xxiii.
584 2330 729 2382 Patientia
748 2322 1000 2402 dolorum,'puam
1018 2349 1101 2402 saepe
1119 2337 1176 2382 iarn
1193 2335 1278 2382 ammi
1293 2335 1474 2383 contentione
1489 2330 1553 2380 diss

231 2423 291 2457 esse
306 2403 500 2478 firmandam,
532 2420 560 2458 et
583 2423 663 2472 mox,
687 2406 775 2459 Iidem
799 2413 903 2459 natissa
926 2412 1104 2460 contentione
1127 2406 1251 2458 dolorem
1273 2405 1363 2458 mardi
1381 2403 1470 2476 ferre
1495 2423 1553 2457 non

249 2488 356 2534 osstsnt.
642 2533 645 2538 ,

228 2501 247 2553 p
306 2555 386 2608 Can.
405 2553 495 2608 XXV.
524 2553 598 2624 Quin
624 2559 710 2606 etiam
735 2553 803 2607 milti
829 2555 939 2626 quidem
965 2554 1154 2607 laudabiliora
1180 2554 1314 2606 videntur
1339 2559 1450 2618 omnia,
1479 2573 1551 2625 quae

230 2634 290 2682 siue
312 2629 522 2694 venditatione,
546 2638 574 2682 et
595 2635 655 2680 sine
670 2630 774 2701 populo
793 2640 866 2682 teste
880 2630 973 2703 fiunt]
1002 2630 1102 2684 Probas
1123 2630 1288 2695 lectionem,
1313 2645 1382 2699 quae
1402 2627 1473 2702 apud
1491 2630 1570 2683 No-.

229 2709 309 2758 ulum
338 2703 493 2769 ferebatur,
527 2723 596 2775 quae
621 2710 682 2756 sine
703 2706 807 2777 popuio
829 2705 955 2760 RECTE
968 2704 1057 2779 fiunt.
1104 2707 1165 2759 Non
1192 2710 1280 2769 enim,
1311 2708 1419 2775 inquis,
1445 2708 1549 2772 omnis,

146 2837 150 2844 ,
206 2779 210 2790 ’
230 2795 299 2852 qnae
315 2783 374 2832 sine
391 2778 492 2852 populo
509 2794 578 2833 teste
596 2779 680 2845 liunt,
699 2780 848 2834 laudabilia
869 2798 948 2844 sunts
971 2786 1023 2835 nisi
1044 2788 1119 2832 reete
1135 2781 1217 2843 finnt,
1236 2795 1262 2833 et
1283 2779 1369 2852 proba
1389 2787 1454 2833 sint.
1494 2781 1549 2832 lta-

230 2873 282 2927 que
302 2853 369 2906 illud
391 2863 467 2928 reete
485 2857 562 2926 qnasi
581 2860 734 2909 sententiae
753 2862 938 2910 necessarium
963 2856 1105 2910 adsciscis.
1143 2855 1237 2909 Laudo
1260 2857 1385 2926 equidem
1406 2870 1547 2920 conatum,

212 2945 257 2984 -et
277 2934 389 3002 ingenio
411 2942 459 2982 tuo
484 2929 579 2994 faveo,
609 2929 682 3001 quod
707 2931 754 2985 ubi
777 2932 865 2985 semel
888 2937 1038 2994 maturuit,
1067 2930 1301 3005 praeclarissimos
1328 2929 1434 2983 lructus
1460 2929 1546 2983 dabit.

230 3005 282 3073 Sed
302 3023 370 3077 opus
391 3019 431 3056 est
454 3004 500 3057 hic
522 3003 627 3058 iudicio
650 3005 773 3060 subacto.
812 3008 876 3060 Nou
897 3012 973 3060 enim
993 3006 1061 3060 dicit
1082 3005 1253 3070 tardabitis,
1274 3003 1320 3059 sed
1341 3006 1547 3065 laudabiliora,-

230 3078 265 3131 ad
283 3078 357 3150 qnod
379 3077 528 3133 attendisse
551 3096 577 3134 te
597 3088 730 3152 oportuit.
775 3082 836 3134 Hoc
860 3087 935 3135 enim
957 3081 1070 3155 perinde
1096 3096 1154 3144 est,
1181 3097 1214 3132 ac
1239 3086 1263 3135 si
1284 3080 1413 3142 dixissem
1443 3080 1546 3135 Omnia

230 3154 386 3211 laudabilia
405 3173 437 3207 eo
457 3172 515 3210 esse
542 3155 746 3230 imitabiliora,
777 3155 851 3228 quod
874 3163 934 3210 sine
958 3157 1061 3231 populo
1092 3172 1161 3210 teste
1186 3155 1262 3210 fiant.
1305 3156 1401 3228 ltaque
1420 3154 1494 3227 quod
1516 3171 1548 3209 ta

230 3234 323 3283 omitti
342 3229 473 3301 putabas,
493 3229 561 3283 iilud
578 3236 668 3304 ipsum
685 3237 848 3285 insuetam
865 3232 949 3287 vides.
988 3227 1063 3302 Quid
1079 3248 1170 3287 autem
1185 3247 1226 3286 est
1242 3237 1302 3283 sine
1315 3232 1439 3303 populo?
1460 3236 1547 3283 immo

230 3295 388 3371 assassinis
403 3306 507 3432 poppgp
522 3314 608 3433 ⁵385.
647 3306 708 3362 Scis
727 3306 799 3432 illm}-
814 3312 845 3361 in
860 3309 1079 3436 Ppigrlrmllm’
1110 3355 1112 3360 .

569 3402 583 3432 e
619 3400 687 3434 uere
707 3401 743 3453 qu
776 3400 835 3436 stne
871 3400 929 3437 este
970 3400 1034 3435 oe.

229 3450 433 3587 Accp'dithhpm
451 3454 524 3527 quod
545 3461 604 3530 ipse
620 3457 727 3511 Nonius
747 3461 923 3513 maccusius
944 3458 991 3514 illa
1010 3458 1131 3513 Mercari
1150 3453 1272 3509 editione
1290 3462 1361 3507 teste
1381 3453 1498 3522 habeat,
1516 3470 1546 3509 nt

229 3543 258 3584 st
308 3544 324 3584 o
365 3545 380 3579 a
402 3544 471 3582 etur.
1008 3539 1012 3544 “

307 3604 386 3656 Can.
406 3605 513 3660 XXVI.
529 3603 586 3658 'Sic
606 3605 779 3674 urgentibus·
792 3611 902 3679 asperis
922 3615 952 3659 et
970 3606 1076 3660 odiosis
1096 3605 1255 3671 doloribus,
1277 3609 1303 3655 si
1320 3610 1396 3656 tanti
1414 3622 1471 3656 non
1488 3609 1546 3658 sint

230 3675 392 3747 utfsrsndi
406 3683 482 3740 sints
500 3697 553 3752 quo
569 3685 608 3732 sit
627 3679 849 3751 confugiendum
865 3681 959 3751 vides]
987 3684 1071 3738 Recte
1092 3699 1233 3754 receptum
1253 3679 1398 3733 verborum
1419 3679 1545 3732 ordinem

230 3759 331 3820 tueris,
358 3752 493 3812 Lamblno
515 3769 618 3808 temere
641 3761 820 3822 immutante,
850 3772 877 3811 et
903 3773 976 3811 reete
999 3763 1085 3811 etiam
1111 3758 1243 3829 explicas:
1272 3756 1304 3806 Si
1324 3773 1373 3808 eos
1383 3753 1472 3826 serre
1491 3774 1546 3808 non

229 3834 269 3881 sit
287 3847 388 3900 operae
403 3835 537 3901 pretium.
576 3828 655 3884 Unde
671 3829 768 3899 dolet,
792 3830 883 3903 quod,
907 3830 936 3884 id
959 3831 1032 3904 tpiotl
1056 3838 1083 3886 in
1107 3838 1233 3904 proximo
1255 3845 1332 3895 erat,
1356 3849 1412 3884 non
1435 3831 1547 3896 rideris,

231 3908 273 3959 tic
293 3909 409 3958 omnino
432 3903 577 3978 legendnm
599 3923 673 3973 esse,
695 3908 726 3958 Si
748 3913 824 3960 tanti
842 3925 899 3959 non
921 3907 996 3974 SlT,
1022 3916 1055 3959 ut
1067 3905 1188 3979 ferendi
1206 3913 1271 3961 sint.
1312 3906 1342 3959 Si
1361 3904 1472 3978 quidem
1493 3911 1545 3979 ipsi

231 3978 339 4033 dolores
360 3986 437 4032 tanti
455 3998 513 4034 esse
532 3998 588 4034 uon
608 3997 739 4054 possunt;
761 3982 833 4035 nibil
853 3988 928 4036 enim
951 3987 1075 4037 omnium
1095 3975 1198 4042 minus:
1224 3980 1273 4035 sed
1292 3980 1344 4035 hoc
1363 3981 1482 4054 vult,si
1503 3999 1545 4035 res

230 4058 306 4126 ipsa,
330 4061 353 4107 si
379 4054 501 4109 officium
523 4074 580 4108 non
602 4061 638 4110 sit
659 4063 738 4112 tanti.
775 4060 866 4129 Atque
888 4058 956 4110 haec
981 4076 1066 4130 quum
1085 4064 1264 4131 scripseram,
1288 4055 1362 4109 idem
1383 4060 1545 4109 acutissimo

230 4128 393 4182 Guilielmio
416 4135 504 4185 risum
531 4148 590 4185 etse
617 4131 749 4185 intellexi.
792 4131 846 4185 Sed
873 4150 907 4186 eo
931 4138 1045 4186 nomine
1071 4131 1112 4187 dis
1133 4134 1212 4186 licuit
1232 4130 1397 4198 Gebhardo‚
1426 4136 1488 4202 quia
1512 4151 1546 4187 ex

229 4208 392 4256 coniectura
421 4203 575 4278 proiectum
605 4223 679 4274 erat,
713 4207 835 4260 librariis
864 4226 922 4262 non
952 4154 1175 4281 astipulantibus.
1218 4209 1366 4261 Enimvero
1394 4212 1418 4260 si
1445 4206 1557 4260 tntbus.

229 4284 375 4408 upantiptit
390 4279 567 4414 de‘deodorum
592 4282 728 4341 librorum
750 4287 894 4356 prouincia
920 4302 1026 4358 semper
1047 4282 1172 4348 debitum
1199 4284 1269 4356 quid
1291 4282 1363 4338 ultra
1385 4299 1496 4357 opetatn
1517 4297 1544 4339 aa

229 4371 319 4414 acum
342 4374 390 4434 per
420 4360 500 4414 musi
732 4379 736 4386 ·

943 4491 955 4504 .

710 4527 1011 4572 sm
