3384 5359
664 306 755 373 Ltn.
777 307 809 373 1.
854 306 896 375 C.
921 309 952 372 t.
1405 311 1466 377 199

122 446 310 513 indivisam
339 445 574 527 divinitatem¹‚
608 471 673 514 nou
702 449 806 514 solutu
834 449 878 517 ita
900 447 987 513 credi
1009 457 1164 531 oportere
1186 448 1312 525 docuit,
1343 454 1399 516 sed
1420 451 1466 517 ita

122 563 217 608 esse
238 542 411 607 convicit².
440 529 664 608 'Persuadere
686 541 759 607 mihi
781 564 843 606 uon
866 564 1016 626 possum,
1052 545 1140 628 quod
1166 545 1351 627 philosophi
1371 547 1466 613 husius

117 637 247 700 anirna
267 658 432 728 corporea-
450 637 560 701 fuerit.
614 641 665 703 Ae
693 637 720 701 si
747 637 858 701 forsan
885 635 1052 720 praecipiti
1081 637 1172 719 lapsu
1201 638 1370 716 stultitiae,
1402 642 1466 706 ulla

124 730 247 794 anima
269 751 391 812 corpus
412 750 482 794 esse
503 731 669 795 iudicanda
692 744 757 807 est;
790 731 861 797 illas
883 730 1026 816 equidem
1049 751 1224 815 corporeas
1246 733 1464 812 indicaverim,
1487 746 1490 755 ’

124 845 225 905 quae
254 845 374 905 corpus
398 844 433 887 se
450 844 519 888 esse
536 829 687 889 credunt:
710 847 774 890 non
796 846 856 907 per
877 826 940 889 hoc
962 824 1132 889 animarum
1147 826 1269 910 ¹generi
1290 829 1463 912 derogans,

124 919 199 981 sed
222 920 374 1002 quosdam
397 918 570 982 sententiae
592 941 666 982 suae
688 919 910 1000 improbitate,
945 939 1007 981 nou
1031 939 1099 981 mea
1128 930 1260 1000 sponte,
1299 923 1463 999 denotans,

124 1010 276 1095 ezqrrid³
298 1012 357 1074 dei
379 1011 558 1075 bominibus
579 1013 652 1087 liat,
677 1034 759 1095 quos
781 1034 878 1096 quum
901 1030 940 1074 eo
960 1032 1060 1096 usque
1082 996 1263 1077 inicientis‘
1285 1025 1405 1089 teneat,
1430 1024 1466 1083 ut

124 1104 291 1169 indoctos
314 1127 348 1167 sc
370 1126 439 1197 psse
461 1106 620 1181 nesciant,
653 1106 802 1169 scientiae
832 1104 1034 1169 nihilominus
1056 1105 1258 1190 privilegium
1280 1107 1339 1171 sibi
1361 1108 1465 1171 vindi·

126 1210 234 1272 cant-3
272 1201 408 1282 dumque
438 1199 597 1280 imperitas
627 1222 718 1264 aures
749 1202 921 1263 verborum
944 1199 1111 1280 puerilium
1133 1221 1242 1282 spuma
1265 1200 1464 1282 conspuunt⁶

127 1312 209 1355 uuo
224 1294 398 1376 eodemque
415 1293 576 1357 mendacio
596 1306 694 1357 semet
712 1294 858 1359 scientiae
877 1291 1000 1366 fallunt,
1026 1292 1104 1356 alios
1123 1296 1266 1358 docendo
1285 1295 1463 1378 decipiunt3

127 1384 283 1464 Lysiae!
306 1385 439 1460 similes,
474 1408 568 1470 qucm
591 1384 686 1451 Plato
709 1386 790 1450 idem
824 1387 932 1449 cassa⁸
960 1402 1065 1448 rernm
1096 1391 1192 1450 verba
1223 1389 1464 1457 fundentemin

126 1479 294 1543 Phaedro
316 1491 444 1541 eatenus
465 1479 625 1562 increpat,
651 1493 685 1543 ut
706 1501 776 1544 esse
799 1474 936 1542 deterius
959 1481 1100 1542 adstruat
1122 1502 1253 1565 gnarum
1278 1485 1462 1559 verborum,
1571 1516 1575 1525 ·

126 1571 286 1657 ignarum
310 1592 379 1634 esse
401 1592 603 1647 catrssarnm,
632 1594 728 1657 quam
751 1572 943 1637 nescientem
966 1594 1092 1649 cerium,
1116 1575 1214 1637 verba
1238 1576 1379 1651 nescire,
1403 1596 1464 1658 po·

126 1665 205 1728 tins
228 1663 386 1726 arbitrans
408 1664 586 1746 imperitum
609 1667 765 1730 silentium
787 1666 915 1750 loquaci
936 1666 1104 1748 imperitia.
1149 1669 1240 1732 Unde
1266 1668 1359 1732 etiam
1381 1669 1463 1732 Tul·

129 1759 203 1823 lins
221 1758 305 1821 libro
324 1760 362 1820 de
375 1757 515 1822 Oratore
534 1759 658 1841 primos
680 1760 887 1843 Eloquentia
902 1772 966 1837 est,
990 1760 1102 1845 inquit,
1125 1761 1287 1826 ιοίιιηίἰα9
1307 1782 1462 1846 compre·

132 1852 403 1917 hendendnrum
429 1874 547 1914 rerum
571 1854 834 1936 plurimarum,¹
857 1853 929 1917 sine
962 1874 1032 1937 qua
1060 1855 1239 1918 verborum
1267 1856 1461 1921 volubilitas

132 1946 384 2029 inquietasque
406 1945 584 2009 irridenda
605 1959 668 2010 est.
714 1948 758 2010 Et
780 1947 888 2029 paullo
909 1952 1002 2028 posu
1025 1948 1164 2011 Etenim
1181 1971 1228 2011 ex
1246 1970 1364 2013 rerum
1379 1971 1462 2014 cou·
1571 1994 1574 1999 »

131 2041 270 2104 ditione
294 2039 490 2130 efflorescat
512 2051 546 2103 et
567 2042 734 2104 reclaudet
755 2051 892 2122 oportet
921 2040 1053 2116 oratio,
1083 2041 1140 2104 eui
1166 2042 1235 2106 nisi
1261 2044 1375 2107 subest
1404 2064 1462 2108 ras

131 2135 185 2199 ab
207 2145 348 2198 oratore
365 2145 530 2217 percepta
549 2145 582 2197 et
603 2135 760 2219 cognita,
784 2134 922 2198 inanem
942 2133 1116 2219 petendam
1135 2136 1236 2200 hebet
1255 2136 1473 2203 locutionem,

131 2241 174 2293 et
182 2242 296 2312 paene
306 2226 506 2311 puerilem„
533 2229 598 2291 Sed
612 2230 691 2292 haee
709 2227 798 2291 alias.
841 2228 880 2291 In
894 2227 1044 2292 Phaedro
1064 2235 1169 2291 autem
1187 2229 1283 2293 Plato
1302 2232 1342 2292 de
1359 2230 1462 2293 anima

102 2360 104 2362 -
133 2323 188 2385 sic
209 2319 396 2403 pronuntiat
404 2322 451 2383 ¹⁰2
482 2320 629 2398 Anima,
653 2320 773 2407 inquit,
797 2320 1004 2384 immortalis
1025 2330 1095 2397 est,
1119 2341 1206 2405 quine
1226 2343 1360 2404 semper
1380 2344 1404 2386 a
1423 2345 1463 2388 se

132 2417 221 2499 ipsa
241 2426 414 2489 mouetur,
438 2424 472 2479 et
492 2415 572 2479 aliis
584 2424 718 2499 ¹'eccas-ssa
733 2429 848 2481 motus
866 2425 931 2478 est.
974 2417 1110 2497 Corpus
1127 2427 1242 2479 malem
1255 2436 1322 2499 per
1338 2436 1375 2479 se
1391 2437 1462 2481 nou

134 2521 309 2581 mouetur.
359 2510 435 2573 Non
464 2508 507 2571 ait
535 2520 655 2572 tanturn
685 2511 906 2584 moretolio,
938 2510 995 2572 sed
1015 2508 1095 2571 aliis
1115 2530 1241 2573 caussa
1261 2521 1373 2574 motus
1394 2521 1458 2588 est,

133 2602 396 2666 animadvertens
414 2602 576 2687 equidem,
613 2602 661 2665 vir
680 2604 862 2667 excellentis
879 2599 1018 2687 ingenii,
1052 2598 1128 2666 iore
1146 2603 1314 2680 nonurdla,
1346 2603 1461 2688 quibus

134 2698 180 2761 sit
203 2684 328 2760 moveri
350 2696 534 2777 proprium,
559 2708 593 2759 ut
611 2696 821 2778 suntlapides
838 2695 991 2780 ctligna,
1015 2706 1201 2781 caeteraque
1220 2696 1459 2775 insensibilia¹¹,
1504 2710 1508 2719 “

134 2811 251 2854 sarissa
274 2800 397 2866 motus,
422 2789 631 2853 *alienum¹².
676 2789 839 2874 Quidquid
860 2789 940 2854 enim
963 2789 1143 2854 voluntarie
1165 2803 1332 2869 moretur,
1357 2791 1459 2874 ipsum
1559 2852 1563 2861 .

134 2881 291 2951 feresihi
314 2902 423 2946 caussa
447 2895 550 2947 motus
572 2895 637 2959 est;
666 2887 754 2968 quod
775 2894 879 2947 autem
900 2894 1057 2946 movetur
1073 2884 1124 2946 vel
1148 2884 1307 2960 nesciens,
1338 2886 1389 2949 vel
1410 2884 1460 2948 in·
1487 2922 1503 2947 s

134 2975 257 3051 vitum,
287 2997 385 3058 penes
394 2979 420 3018 ¹³
440 2975 610 3051 scientem,
641 2978 693 3039 vel
723 2989 916 3062 cogentem,
946 2995 1071 3038 caussas
1100 2986 1205 3040 motus
1232 2977 1339 3039 habet.
1389 2978 1461 3041 Nec

134 3081 298 3153 repugnat
320 3069 533 3134 anterioribus
555 3070 671 3135 nostris
693 3071 978 3155 disputationibus,
1010 3071 1099 3153 quod
1127 3069 1197 3133 istic
1225 3090 1243 3133 a
1272 3090 1307 3134 se
1335 3069 1460 3134 moveri

69 3158 79 3165 ⁵
135 3163 275 3228 animam
303 3164 453 3242 dicimus,
485 3186 580 3248 quum
609 3164 816 3248 principalem
845 3163 1021 3228 motionum
1050 3163 1207 3227 cacunem
1234 3164 1265 3228 in
1287 3164 1360 3229 Deo
1390 3185 1460 3228 esse

134 3257 300 3333 dicamus,
330 3258 480 3343 quoniam
502 3258 534 3320 id
557 3256 659 3340 ipsum
681 3258 750 3322 fere
772 3280 790 3320 a
811 3259 885 3327 Deo
906 3256 953 3345 illi
979 3267 1046 3333 est,
1076 3268 1113 3321 ut
1140 3269 1256 3340 sponte
1278 3271 1456 3337 moveatur,

134 3351 286 3415 videlicet
307 3362 360 3425 ut,
391 3352 472 3415 sicut
493 3360 601 3415 caussa
625 3363 730 3416 motus
759 3351 853 3414 animi
882 3350 1031 3415 volumtas
1061 3350 1145 3428 eius,
1176 3352 1222 3414 sie
1251 3353 1457 3428 substantiae,

135 3464 219 3529 quae
241 3443 344 3531 utitur
364 3446 546 3520 voluntate,
570 3465 680 3508 caussa
702 3445 743 3509 sit
762 3445 865 3508 Deus.
911 3445 993 3524 Quia
1016 3443 1075 3508 etsi
1092 3466 1188 3527 posse
1204 3446 1288 3510 velle
1306 3446 1398 3511 nobis
1419 3468 1461 3511 ex

133 3538 210 3602 Deo
233 3546 299 3614 est,
331 3559 395 3602 non
418 3537 519 3601 omnis
542 3537 715 3603 voluntatis
737 3549 866 3600 nostrae
888 3550 991 3601 motus
1014 3537 1076 3601 erit
1097 3559 1138 3602 ex
1159 3540 1245 3605 Deo.
1295 3541 1360 3604 Vel
1383 3553 1460 3604 trino

133 3653 231 3709 reor,
256 3655 351 3718 quum
375 3620 539 3697 voluntate
561 3653 746 3716 peccamus,
769 3631 872 3695 nostri
894 3653 1003 3695 caussa
1027 3644 1131 3698 motus
1153 3655 1193 3697 ex
1215 3633 1308 3700 nobis
1329 3647 1394 3712 est,
1419 3655 1459 3698 ue

133 3738 340 3809 peecatorum
360 3729 462 3792 Deum
481 3726 633 3790 iaciamus
655 3736 838 3799 auctorem
862 3724 1015 3807 quocirca
1032 3725 1058 3790 si
1078 3748 1195 3810 corpus
1214 3750 1231 3790 a
1250 3750 1284 3792 se
1304 3750 1368 3791 non
1387 3749 1457 3792 mo·
1502 3750 1505 3755 ·

135 3830 249 3896 vetur,
271 3832 304 3883 et
324 3842 444 3905 corpus
466 3842 530 3885 non
553 3832 619 3896 est,
644 3822 732 3903 quod
754 3818 814 3882 sibi
836 3839 946 3882 cerussa
969 3832 1073 3884 rnotus
1095 3835 1161 3897 est,
1186 3822 1259 3906 quia
1277 3821 1308 3884 in
1331 3843 1365 3885 se
1388 3842 1458 3883 mo-

133 3925 186 3976 tus
201 3914 249 3977 sui
264 3936 389 3981 caussas
404 3916 516 3991 babet,
542 3913 641 3976 anima
658 3933 721 3975 non
739 3920 787 3975 est
806 3932 937 3992 corpus.
982 3913 1069 3976 Idem
1085 3914 1181 3979 Plato
1196 3916 1228 3976 in
1244 3915 1339 3988 libro,
1363 3934 1457 3998 quem

44 4084 48 4093 .
134 4013 210 4095 napi
231 4004 359 4098 φύσεως
380 4008 527 4090 scripsit,
551 4008 697 4081 Anium,
720 4005 842 4089 inquit,
870 4006 1100 4069 animantium
1120 4008 1272 4070 omnium
1294 4028 1459 4089 corpora-

134 4100 179 4163 lis
201 4120 269 4163 non
291 4112 361 4179 est,
384 4102 526 4185 ipsoque
548 4120 584 4165 se
606 4110 734 4175 mouet,
757 4099 909 4164 aliorum
926 4096 1267 4185 quoque'ogitntrix‚
1291 4102 1378 4186 praue
1395 4121 1458 4165 ua·

212 4336 249 4402 (¹)
269 4334 316 4388 ste
337 4318 395 4388 ΒΘ.
415 4363 452 4377 -
470 4338 666 4386 aeteruttatem
685 4332 749 4385 ΜΒ.
788 4333 826 4399 (²)
845 4359 883 4373 -
902 4334 1025 4382 concinit
1044 4328 1073 4384 8.
1092 4328 1190 4387 Paullo
1210 4330 1275 4383 ante
1288 4331 1335 4383 B.:
1353 4345 1391 4383 ω
1408 4331 1460 4383 sed

132 4418 162 4462 et
180 4414 234 4463 tta.
278 4409 314 4477 (³)
342 4414 391 4465 Sic
416 4414 525 4483 scripsi.
544 4438 583 4450 —
601 4408 714 4480 etquid
733 4410 833 4460 Ceteri.
872 4405 910 4473 (l)
936 4406 982 4457 sic
1002 4405 1059 4460 SG.
1078 4434 1116 4447 —
1135 4422 1187 4458 om.
1208 4405 1241 4457 ite
1260 4405 1326 4457 ΜΒ.
1365 4406 1401 4471 (6)
1420 4435 1459 4449 -

132 4489 247 4537 inscitia
260 4486 316 4539 SG.
355 4484 394 4552 (⁶)
413 4515 451 4527 -
470 4489 500 4537 ln
518 4489 665 4556 imperitas
684 4514 702 4526 -
721 4512 740 4523 ·
759 4500 873 4555 spumas
891 4489 1030 4557 exspectent
1042 4481 1097 4534 SG.
1129 4479 1174 4551 ,l⁷)
1194 4484 1240 4532 hie
1254 4482 1309 4534 sG.
1328 4490 1367 4522 2-
1384 4486 1459 4533 atior

132 4563 239 4636 Lysiae
260 4560 325 4614 ΜΒ.
345 4576 382 4615 ae
401 4562 478 4612 illiers
496 4560 601 4632 Lysiae
622 4559 654 4611 Β.
673 4575 747 4630 susp.
793 4557 830 4625 (⁸)
852 4574 1006 4607 -crassa
1026 4556 1090 4609 ΜΒ.
1135 4554 1172 4621 (9)
1198 4583 1234 4599 ·-
1260 4573 1314 4607 om.
1338 4560 1458 4607 seientia

133 4639 201 4692 ΜΒ.
240 4636 290 4702 (¹⁰)
310 4666 346 4678 -
366 4640 481 4687 urentiat
499 4638 564 4689 ΜΒ.
611 4633 661 4702 (¹¹)
689 4662 722 4675 -
749 4633 825 4686 Haec
851 4640 883 4683 ut
901 4662 921 4674 -
938 4661 957 4673 -
977 4630 1149 4683 insensibilia
1168 4646 1224 4682 om.
1246 4630 1301 4684 SG.
1340 4630 1388 4695 (¹2)
1412 4632 1458 4683 Sic
1512 4684 1521 4705 ·

27 4766 34 4774 ,
136 4717 191 4768 scri
213 4716 236 4764 st
258 4709 287 4767 e.
305 4740 344 4753 --
363 4713 450 4763 alieni
469 4711 578 4775 Ceteri,
597 4715 657 4763 stne
676 4725 772 4761 senso:
793 4712 839 4779 qut
861 4709 906 4759 tue
927 4721 983 4759 est:
1014 4722 1077 4760 snut
1097 4704 1246 4776 quaedam,
1266 4719 1334 4774 qnae
1355 4709 1459 4758 ruovcrt
1569 4718 1575 4727 ·

134 4731 246 4859 quiin
269 4804 399 4860 possunt,
420 4782 468 4838 sed
489 4790 547 4851 tta,
568 4802 598 4838 ut
619 4799 713 4838 caussa
733 4799 823 4836 motus
844 4788 907 4834 insit
931 4800 1038 4854 serrrper
1059 4787 1087 4834 ln
1108 4780 1171 4833 alto.
1210 4779 1291 4847 Quod
1306 4798 1388 4849 aquom
1402 4796 1459 4839 non

138 4867 291 4936 perciperet
313 4864 363 4933 Β,
386 4860 593 4935 suspicabatur:
615 4889 647 4902 —
669 4859 764 4930 quibus
784 4859 855 4910 desit
876 4862 985 4910 ruoveri
998 4862 1155 4928 proprium.
1192 4856 1243 4923 (¹³)
1259 4873 1329 4927 pene
1350 4856 1415 4910 ΜΒ.
1520 4864 1525 4873 ’

881 5067 889 5103 Ι
