3384 5359
635 224 728 331 nin.
751 264 818 330 111.
849 262 907 331 c.
932 218 985 328 ἰιι
1010 262 1084 379 ¹⁸⁰.
1131 310 1134 315 .
1455 262 1495 327 ιι

163 408 222 471 Tu
243 417 296 484 te,
321 408 483 489 Thyeste,
496 406 689 487 damnabis,
713 404 991 491 orbabisqnelnce
1006 415 1144 491 propter
1156 403 1220 471 rim
1235 403 1365 469 sceleris
1379 401 1500 468 alieni?

163 501 278 585 Quid?
300 502 388 567 illum
410 500 509 565 fllium
533 502 618 567 Solis
640 523 746 566 nonne
767 500 868 585 patris
890 501 988 585 ipsius
1010 502 1080 565 luce
1102 498 1265 585 indignum
1287 497 1404 585 putas?

339 593 520 691 quugere
540 597 652 662 oculi:
672 618 800 681 corpus
822 596 930 661 macie
951 595 1128 659 extabuit:

341 693 524 757 Lacrimae
541 692 708 775 peredere
727 695 872 755 breuiore
893 712 1093 774 exsangues
1114 710 1241 775 genae,

336 788 417 854 stro
438 786 647 850 “liuentes¹.·
671 785 780 851 barba
794 786 950 869 poedore
970 785 1116 849 horrida
1134 785 1258 870 atque²
1306 826 1311 839 ·

335 884 481 948 Iutousn
500 879 661 972 infuscat
677 891 799 963 pectam
820 880 936 943 illuvie
957 881 1129 943 scabrum.

163 980 260 1044 Haec
282 970 384 1050 mala,
407 998 429 1041 o
450 974 633 1038 stultissime
656 976 778 1051 Aeeta,
802 974 872 1056 ipse
887 973 946 1037 tibi
961 974 1125 1038 addidisti:
1149 995 1213 1038 oon
1228 973 1350 1038 inerant
1366 976 1398 1041 in
1414 977 1498 1057 Ιιίε3ι

164 1092 250 1158 qnae
279 1068 339 1133 tibi
366 1088 459 1133 rastas
485 1068 672 1143 invexerat,
707 1081 739 1133 et
770 1070 895 1154 quidem
922 1067 1101 1133 inveterato
1131 1069 1235 1145 malo,
1272 1090 1369 1153 quum
1390 1083 1499 1134 tumor

163 1165 287 1230 animi*
317 1163 510 1251 resedisset:
548 1166 610 1244 (cst
632 1176 735 1231 antem
758 1162 945 1247 aegritudo,
970 1174 1006 1226 ut
1026 1164 1170 1238 docebo,
1193 1161 1225 1227 io
1249 1162 1400 1245 opinione
1423 1165 1497 1227 mali

164 1258 361 1335 neentistz)
382 1260 439 1322 sed
461 1278 582 1320 maeres
604 1245 752 1321 rideiicet
774 1256 867 1340 regni
888 1255 1064 1332 desiderio,
1088 1277 1152 1320 non
1168 1256 1264 1321 filiae.
1308 1257 1496 1323 lllaiueoirn

162 1357 301 1437 oderas,
323 1364 357 1416 et
377 1351 448 1416 iure
469 1352 627 1416 sortasse:
651 1372 755 1437 regno
778 1370 843 1414 non
867 1370 970 1433 aequo
992 1348 1097 1413 animo
1117 1352 1262 1415 carebas.
1289 1353 1366 1416 ¹Est
1386 1363 1494 1415 mrtem

161 1449 329 1532 impudens
353 1448 455 1510 luctus
478 1448 625 1511 maerbre
647 1467 682 1510 se
704 1443 922 1520 conficientis,
947 1447 1035 1528 quod
1049 1442 1205 1529 imperare
1223 1468 1288 1511 non
1302 1445 1398 1510 liceat
1414 1444 1494 1508 libc-
1552 1518 1554 1525 χ

163 1543 249 1607 ris⁶.
294 1543 347 1629 27.
380 1539 556 1621 Dionysius
586 1540 712 1625 quidem
738 1550 911 1619 tyrannus,
949 1538 1116 1618 Syracusis
1139 1539 1309 1624 expidsus,
1344 1537 1495 1603 Corinthi

162 1656 287 1721 pueros
306 1637 462 1700 docebat:
486 1654 588 1719 usqne
605 1654 645 1698 eo
664 1631 800 1716 irnperio
819 1653 933 1696 carere
950 1654 1013 1697 nou
1026 1645 1165 1716 poterat.
1210 1632 1389 1720 Tarquinio
1412 1652 1495 1717 nepo

164 1729 245 1817 qnid
262 1727 495 1812 impudentius,
519 1728 575 1813 qui
593 1727 733 1797 bellum⁷
751 1737 881 1813 gereret
908 1746 979 1789 οιιιιι
1002 1726 1081 1801 int,
1106 1727 1159 1811 qui
1180 1728 1245 1791 eiras
1272 1748 1335 1792 non
1355 1726 1494 1789 tulerant
1594 1760 1601 1774 .

163 1822 374 1907 snperbiam?
395 1823 442 1901 is,
467 1845 563 1909 quum
582 1819 708 1911 restitui
724 1820 756 1884 iu
775 1842 912 1907 regnum
934 1841 995 1884 nec
1015 1820 1200 1884 Veientium
1222 1842 1281 1884 nec
1302 1820 1495 1885 Latinorum

163 1917 262 1982 armis
282 1917 460 2001 potuisset,
495 1915 615 1981 Cumas
638 1914 811 1981 contulisse
833 1912 891 1979 ee⁹
915 1913 1049 1992 dicitnr,
1073 1913 1167 1999 inque
1190 1935 1227 1980 ea
1248 1898 1333 1979 tirbe'
1347 1913 1438 1980 senio
1457 1924 1494 1977 et

109 2078 114 2083 .
163 2012 365 2099 aegritudine
387 2014 456 2077 esee
464 2012 490 2052 ¹⁰
511 2010 692 2076 confectus.

250 2108 353 2172 XIII.
376 2107 453 2172 Hoc
474 2117 507 2168 tu
528 2103 627 2190 igitur
643 2123 753 2167 censes
769 2101 905 2184 sapienti
923 2102 1068 2167 accidere
1082 2106 1222 2187 posse¹¹,
1244 2114 1280 2167 nt
1294 2102 1493 2189 aegritudine

163 2204 385 2286 opprimetur,
408 2198 441 2263 id
462 2210 511 2263 est
532 2195 681 2262 miseria?
704 2198 786 2261 Nam
802 2219 899 2282 quum
915 2197 1017 2262 omnis
1032 2196 1234 2280 perturbatio
1250 2197 1374 2262 miseria
1384 2199 1409 2239 ¹³
1423 2204 1495 2276 est,

159 2308 229 2362 tuin
254 2294 436 2363 carnificina
458 2305 506 2357 est
527 2290 711 2377 aegritudo.
757 2292 867 2355 Habet
888 2293 1036 2357 ardorem
1051 2291 1170 2367 libido,
1193 2290 1355 2375 levitatem
1370 2292 1491 2381 laetitia
1560 2302 1569 2343 ἰ

163 2389 323 2477 gestiens,
347 2388 554 2471 bumilitatem
577 2397 696 2460 metus;
720 2385 777 2447 sed
804 2381 972 2468 aegritudo
996 2384 1115 2450 maiora
1140 2388 1339 2472 quaedam¹³,
1362 2390 1494 2465 tabem,
1579 2414 1582 2421 ·

162 2482 358 2559 cruciatum,
382 2480 615 2547 afflictationem
625 2481 672 2556 ¹⁴,
695 2477 900 2552 foeditatem:
924 2478 1064 2553 lacerat,
1089 2491 1180 2543 exest
1200 2478 1356 2558 animum,
1380 2482 1490 2565 plane·

160 2598 227 2664 qne
258 2575 437 2641 coniicit¹⁵.
492 2575 586 2639 Hanc
606 2572 666 2637 nisi
701 2570 847 2637 exanimus
873 2569 920 2635 sic
937 2583 972 2635 nt
994 2570 1197 2649 abiiciamus,
1232 2574 1358 2639 miseria
1379 2594 1492 2639 cerere

161 2690 231 2737 non
244 2691 426 2753 portumnus.
481 2668 535 2732 28.
558 2668 669 2752 Atque
677 2666 705 2709 ¹⁶
720 2669 784 2731 boc
802 2666 929 2753 quidem
944 2666 1148 2749 perspicuum
1168 2677 1235 2743 ost,
1258 2680 1323 2731 tum
1347 2667 1491 2753 aegritu·

126 2842 131 2849 Ι
161 2765 267 2839 dinem
284 2752 460 2840 exsistere,
484 2784 582 2848 quum
600 2762 677 2847 quid
696 2761 741 2826 ita
761 2759 863 2824 risum
883 2760 940 2837 sit,
965 2770 1001 2841 ut
1024 2783 1173 2847 magnum
1192 2763 1353 2848 quoddam
1375 2766 1491 2826 malurn

162 2861 275 2923 adesse
292 2873 324 2924 et
338 2880 456 2944 urgere
479 2857 637 2923 videatur.
682 2854 828 2938 Epicuro
844 2864 948 2917 antem
963 2853 1090 2936 placet,
1114 2853 1296 2937 opinionem
1306 2855 1333 2895 ¹⁷
1349 2855 1423 2919 mali
1435 2876 1491 2919 ae·
1571 2888 1574 2897 ·

160 2950 355 3039 gritndinem
377 2974 448 3016 esse
463 2963 595 3028 natura,
619 2962 655 3015 ut
669 2948 849 3035 quicunqne
864 2947 1025 3012 intueatur
1038 2948 1070 3011 in
1089 2948 1219 3034 aliquod
1233 2947 1333 3013 maius
1351 2949 1488 3027 malum,

159 3045 190 3110 si
203 3044 237 3109 id
251 3045 312 3109 sibi
326 3046 477 3111 accidisse
493 3043 662 3128 opinetur,
686 3041 726 3106 sit
746 3039 898 3107 continuo
913 3042 946 3105 in
961 3042 1158 3127 aegritudine
1169 3044 1207 3107 ¹⁸.
1242 3042 1413 3123 Cyrenaici
1423 3065 1489 3107 non

159 3138 250 3203 omni
270 3140 355 3205 malo
377 3139 606 3226 aegritudinem
626 3136 707 3203 effici
719 3136 742 3177 ¹⁹
760 3147 907 3214 censent,
931 3138 987 3201 scd
1008 3136 1173 3220 insperato
1193 3138 1261 3203 et²⁰
1279 3139 1490 3222 necopinato

148 3233 259 3297 malo.
318 3234 378 3297 Est
405 3232 439 3296 id
467 3232 592 3317 quidem
621 3251 686 3294 non
708 3229 870 3295 mediocre
892 3234 933 3294 ed
953 3230 1185 3316 aegritudinem
1208 3220 1406 3318 augendam:
1440 3230 1491 3296 vi·

158 3328 274 3390 dentur
296 3325 378 3389 euim
402 3326 505 3392 omnia
526 3323 692 3408 repentina
715 3322 883 3408 graviora.
927 3325 981 3386 Ex
1003 3326 1065 3389 boc
1087 3338 1119 3389 et
1139 3325 1192 3390 illa
1213 3325 1282 3389 iure
1297 3327 1489 3391 laudantur:
1523 3382 1528 3391 .

234 3429 275 3505 (¹)
294 3435 341 3484 bio
360 3429 430 3484 edd.
443 3435 538 3483 neceto
552 3435 598 3502 qut
613 3427 738 3482 Turnebt
757 3426 835 3480 Adv.
852 3431 899 3491 26,
919 3431 947 3485 8.
967 3428 1019 3484 Cd.
1042 3429 1148 3485 Ursini.
1169 3433 1221 3486 Cd.
1239 3434 1339 3507 Regina
1356 3440 1495 3507 optimus,

155 3520 228 3561 teste
243 3504 327 3571 Lali,
339 3505 403 3571 sed,
417 3510 464 3578 qni
475 3504 550 3559 eolus
568 3508 610 3558 etc
620 3502 676 3556 dici
692 3516 829 3567 meretur,
845 3500 1102 3571 teetibnsDavielo,
1121 3507 1212 3561 Βοιώ.
1226 3523 1253 3562 et
1262 3508 1395 3564 collatore
1408 3527 1489 3576 meo,

155 3580 241 3636 babet
257 3582 379 3646 ultoris,
399 3597 465 3635 enan
477 3582 561 3635 Bern.
575 3594 602 3631 et
616 3583 712 3651 paneis
725 3576 797 3629 eliis.
824 3574 941 3631 Videtur
954 3583 1093 3633 correctio
1107 3580 1171 3635 ltall
1189 3580 1252 3636 Sec.
1269 3584 1330 3637 XV.
1346 3588 1491 3658 logenton

153 3661 270 3732 potins,
288 3672 370 3728 qnam
383 3655 547 3731 probabilis.
567 3652 657 3709 eitam
674 3651 800 3706 eiusdem
815 3656 923 3725 generis
936 3653 1050 3726 praebet
1063 3655 1151 3713 Otx.:
1164 3685 1202 3701 -
1210 3663 1340 3713 mucoris.
1353 3688 1391 3703 -
1403 3660 1490 3711 nido.

154 3738 199 3784 rte
211 3733 315 3787 Ceteri.
328 3760 368 3776 -
379 3733 474 3785 sttu'st
486 3736 516 3783 irs
532 3748 582 3783 ore
596 3730 631 3783 D.
645 3746 720 3801 enep.
735 3753 769 3770 -
781 3732 867 3779 elium
878 3727 944 3779 vide
957 3735 1017 3781 orte
1031 3730 1119 3785 Bothe
1133 3749 1207 3807 enep.
1221 3752 1249 3806 p.
1258 3742 1369 3795 278.-
1377 3740 1489 3787 titinnlt

157 3806 288 3862 wlede
306 3812 380 3861 mira
398 3806 487 3883 Bentl.
507 3822 582 3878 susp.
601 3807 655 3860 De.
695 3803 785 3878 (⁹)eo
803 3800 998 3874 atqnedelerit
1016 3806 1171 3863 borneti.
1210 3807 1248 3882 (³)
1265 3824 1304 3864 ee
1324 3802 1355 3860 iri
1373 3815 1410 3861 iis
1429 3811 1491 3866 eoi.
1598 3808 1602 3817 *

158 3882 203 3937 M.
217 3911 253 3925 -
265 3901 323 3937 uon
331 3892 416 3936 erent
428 3889 459 3935 in
470 3887 508 3934 ite
520 3883 592 3939 Oia.
608 3878 685 3935 stit.
698 3907 737 3923 «-
748 3883 890 3931 nonenim
903 3888 987 3932 erant
998 3885 1029 3933 tu
1040 3880 1086 3932 bis
1098 3883 1186 3937 Roob.
1198 3901 1271 3958 aurp.
1293 3884 1332 3953 (⁴)
1344 3914 1382 3929 -
1394 3891 1491 3938 animo

155 3956 261 4029 „Alii”
280 3957 355 4032 apud
372 3961 502 4014 Brutum.
520 3983 560 4001 ι-
577 3960 608 4007 iu
625 3959 721 4011 auimo
739 3953 773 4007 l..
791 3953 875 4009 eolus.
923 3953 962 4027 (⁵)
981 3984 1019 4000 -
1037 3957 1128 4013 llaec:
1147 3967 1191 4010 eet
1210 3969 1306 4012 antem
1323 3992 1343 4004 -
1361 3993 1381 4005 -
1400 3993 1419 4005 -
1437 3980 1490 4013 re-

155 4037 248 4087 centis
271 4033 338 4089 Bru.
361 4042 386 4092 1.
406 4035 452 4108 [].
471 4037 532 4088 eine
551 4046 643 4084 cauea.
690 4027 1004 4105 (⁶)-1terononu
1023 4049 1098 4104 enep.
1146 4033 1185 4101 (⁷)
1204 4063 1242 4078 -
1261 4040 1307 4106 qai
1324 4055 1408 4108 quum
1425 4036 1489 4095 bel.

157 4107 216 4165 1⁸⁸¹
244 4106 316 4167 041.
345 4106 404 4185 (P.)
429 4107 578 4165 insecti.
616 4103 654 4180 (θ)
682 4134 722 4148 -
744 4103 790 4156 bis
819 4105 852 4160 R.
871 4105 1027 4161 PchvD.
1078 4106 1115 4173 (⁹)
1135 4109 1183 4163 Sic
1204 4110 1234 4163 R.
1249 4113 1290 4165 D.
1309 4130 1349 4166 =
1365 4131 1395 4164 ee
1413 4120 1488 4167 roret.

155 4182 262 4241 Ceteri.
300 4184 352 4255 (¹⁰)
371 4213 411 4231 ι·
420 4182 520 4257 fuisse
539 4181 690 4238 Persic,
723 4181 778 4254 (1¹)
795 4201 834 4238 z:
848 4198 932 4251 posse
950 4181 1232 4241 medunanstcv.
1259 4188 1312 4253 (te)
1328 4214 1369 4231 -
1385 4194 1491 4241 misem

155 4258 207 4325 1.,
234 4255 283 4312 aed
301 4265 395 4317 reiicit
415 4264 524 4334 ipsein
543 4256 696 4310 Adrwtatt.
743 4253 796 4328 (¹³)
813 4275 854 4317 ·‚.·.·
871 4256 1008 4328 quaedam
1026 4263 1137 4311 maiore
1155 4259 1327 4318 PABSECV.
1376 4262 1427 4337 (¹⁴)
1445 4266 1491 4317 De

155 4335 244 4408 tingis
261 4341 379 4397 neseio:
399 4334 450 4390 sed
469 4339 511 4388 elc
530 4350 594 4388 oum
615 4330 688 4387 02¹.
708 4331 879 4386 Pithoeenns
895 4330 1054 4398 Gebhardl,
1074 4339 1122 4406 qul
1142 4328 1304 4408 plerumque
1323 4341 1489 4411 cambagio

153 4414 255 4541 tit
256 4425 326 4546 '13¹3
340 4406 902 4556 ’asti-“itttittnttcfi‘tt
912 4407 1096 4539 ‘iiiii
1110 4410 1189 4557 'iii‘
1196 4411 1489 4542 latinitati:

151 4558 239 4615 behet
252 4559 402 4617 Turnebus
421 4560 546 4614 Advere.
572 4564 619 4625 27,
636 4560 664 4618 6·
684 4556 737 4626 (¹⁶)
748 4560 797 4614 Sic
809 4561 894 4611 etiem
905 4558 933 4612 b.
946 4574 985 4611 ea
997 4560 1087 4630 Atqui
1100 4561 1131 4615 V.
1145 4561 1200 4619 W.
1214 4590 1254 4607 -
1267 4567 1310 4615 Ar
1320 4562 1393 4629 Ota,
1406 4565 1489 4617 Pse-

151 4633 288 4692 OECHL.
308 4640 411 4707 (17)-
425 4641 559 4710 opinione
577 4630 670 4689 Gebh.
686 4633 755 4687 Ero.
771 4632 880 4690 moli.
896 4635 1070 4690 Remaoeisee
1088 4634 1317 4692 ridetnr‘errere
1331 4626 1489 4696 laetitiae.

149 4709 206 4766 Ed.
219 4727 324 4784 postu:
346 4743 381 4759 -
393 4717 523 4786 opinione
537 4709 607 4763 miili
622 4707 830 4778 aegritudinem
843 4725 927 4775 esee,
947 4727 1004 4762 nen
1021 4720 1143 4769 meare:
1163 4728 1254 4783 qnam.
1266 4711 1400 4786 probabat
1418 4713 1488 4767 teti.

147 4812 189 4830 -
201 4791 337 4859 opinione
348 4788 470 4855 maliem,
491 4785 704 4859 aegritudinem
720 4800 781 4837 esee
792 4784 901 4836 murti
915 4785 1005 4840 Βοιὼ.
1023 4802 1070 4843 tna
1090 4823 1099 4839 .
1119 4785 1172 4858 (¹³)
1184 4791 1216 4838 iu
1226 4787 1432 4856 aegritudinem
1444 4790 1487 4852 ,8.

146 4860 258 4937 (Pith.)
275 4866 372 4937 yatle.
391 4862 484 4919 Geth.
527 4860 578 4938 (¹⁹)
608 4887 649 4906 ι·
670 4858 744 4934 fieri
764 4857 838 4918 01¹.
857 4859 984 4917 insse.
1030 4804 1089 4936 (²⁰5
1104 4860 1150 4917 Su
1171 4861 1203 4916 R.
1223 4861 1273 4940 Gr.
1291 4864 1324 4919 L.
1334 4867 1427 4939 ,δοίη
1446 4895 1486 4915 .-

149 4952 214 4993 orn.
234 4946 264 4990 et
282 4938 488 4997 emarcuit.
507 4936 560 4994 cir.
579 4937 605 5008 i.
624 4937 672 4996 lib.
