<?xml version="1.0" encoding="UTF-8"?>
<!DOCTYPE html PUBLIC "-//W3C//DTD XHTML 1.0 Transitional//EN"
    "http://www.w3.org/TR/xhtml1/DTD/xhtml1-transitional.dtd">
<html xmlns="http://www.w3.org/1999/xhtml" xml:lang="en" lang="en">
 <head>
  <title>
</title>
<meta http-equiv="Content-Type" content="text/html;charset=utf-8" />
  <meta name='ocr-system' content='tesseract 3.04.00' />
  <meta name='ocr-capabilities' content='ocr_page ocr_carea ocr_par ocr_line ocrx_word'/>
</head>
<body>
  <div class='ocr_page' id='page_1' title='image "./mtulliiciceroni00wolfgoog_0209.png"; bbox 0 0 3384 5359; ppageno 0'>
   <div class='ocr_carea' id='block_1_1' title="bbox 716 251 1487 375">
    <p class='ocr_par' dir='ltr' id='par_1_1' title="bbox 716 251 1487 375">
     <span class='ocr_line' id='line_1_1' title="bbox 716 251 1487 375; baseline 0.006 -5"><span class='ocrx_word' id='word_1_1' title='bbox 716 303 763 370; x_wconf 79' lang='lat' dir='ltr'>lis</span> <span class='ocrx_word' id='word_1_2' title='bbox 789 307 938 372; x_wconf 66' lang='lat' dir='ltr'>uiuri.</span> <span class='ocrx_word' id='word_1_3' title='bbox 1220 288 1222 293; x_wconf 17' lang='grc' dir='ltr'>Ι</span> <span class='ocrx_word' id='word_1_4' title='bbox 1256 264 1258 273; x_wconf 57' lang='lat'><strong><em>⁴</em></strong></span> <span class='ocrx_word' id='word_1_5' title='bbox 1309 251 1315 258; x_wconf 27' lang='lat'>⁸</span> <span class='ocrx_word' id='word_1_6' title='bbox 1425 306 1487 375; x_wconf 64' lang='grc' dir='ltr'><strong><em>Μ</em></strong></span> 
     </span>
    </p>
   </div>
   <div class='ocr_carea' id='block_1_2' title="bbox 159 444 1551 1195">
    <p class='ocr_par' dir='ltr' id='par_1_2' title="bbox 162 444 1551 595">
     <span class='ocr_line' id='line_1_2' title="bbox 244 444 1511 519; baseline -0.001 -18"><span class='ocrx_word' id='word_1_7' title='bbox 244 447 269 513; x_wconf 73' lang='lat'>§-</span> <span class='ocrx_word' id='word_1_8' title='bbox 288 450 336 501; x_wconf 73' lang='lat'>22.</span> <span class='ocrx_word' id='word_1_9' title='bbox 359 444 432 498; x_wconf 83' lang='lat' dir='ltr'>nibil</span> <span class='ocrx_word' id='word_1_10' title='bbox 448 454 492 499; x_wconf 88' lang='lat' dir='ltr'>est</span> <span class='ocrx_word' id='word_1_11' title='bbox 516 450 590 498; x_wconf 85' lang='lat' dir='ltr'>enim</span> <span class='ocrx_word' id='word_1_12' title='bbox 615 446 692 519; x_wconf 80' lang='lat' dir='ltr'>apud</span> <span class='ocrx_word' id='word_1_13' title='bbox 714 444 805 518; x_wconf 82' lang='lat' dir='ltr'>ilium]</span> <span class='ocrx_word' id='word_1_14' title='bbox 832 447 892 499; x_wconf 78' lang='lat' dir='ltr'>Vet.</span> <span class='ocrx_word' id='word_1_15' title='bbox 917 444 937 501; x_wconf 88' lang='lat' dir='ltr'>l.</span> <span class='ocrx_word' id='word_1_16' title='bbox 962 464 1024 501; x_wconf 92' lang='lat' dir='ltr'>cum</span> <span class='ocrx_word' id='word_1_17' title='bbox 1048 446 1105 501; x_wconf 88' lang='lat' dir='ltr'>lllis</span> <span class='ocrx_word' id='word_1_18' title='bbox 1131 445 1215 512; x_wconf 73' lang='lat' dir='ltr'>iacit,</span> <span class='ocrx_word' id='word_1_19' title='bbox 1244 452 1291 518; x_wconf 82' lang='lat' dir='ltr'>qni</span> <span class='ocrx_word' id='word_1_20' title='bbox 1316 447 1392 519; x_wconf 81' lang='lat' dir='ltr'>apud</span> <span class='ocrx_word' id='word_1_21' title='bbox 1414 452 1487 502; x_wconf 84' lang='lat' dir='ltr'>istos</span> <span class='ocrx_word' id='word_1_22' title='bbox 1508 464 1511 469; x_wconf 84' lang='lat'><em>·</em></span> 
     </span>
     <span class='ocr_line' id='line_1_3' title="bbox 162 519 1551 595; baseline 0.003 -22"><span class='ocrx_word' id='word_1_23' title='bbox 162 521 279 593; x_wconf 74' lang='lat' dir='ltr'>legunt,</span> <span class='ocrx_word' id='word_1_24' title='bbox 298 520 372 593; x_wconf 86' lang='lat' dir='ltr'>qnod</span> <span class='ocrx_word' id='word_1_25' title='bbox 387 538 443 573; x_wconf 91' lang='lat' dir='ltr'>non</span> <span class='ocrx_word' id='word_1_26' title='bbox 458 537 565 575; x_wconf 85' lang='lat' dir='ltr'>tantum</span> <span class='ocrx_word' id='word_1_27' title='bbox 579 519 613 573; x_wconf 81' lang='lat' dir='ltr'>nd</span> <span class='ocrx_word' id='word_1_28' title='bbox 627 523 834 585; x_wconf 76' lang='lat' dir='ltr'>Democritum,</span> <span class='ocrx_word' id='word_1_29' title='bbox 851 520 900 575; x_wconf 89' lang='lat' dir='ltr'>sed</span> <span class='ocrx_word' id='word_1_30' title='bbox 913 538 939 575; x_wconf 92' lang='lat' dir='ltr'>et</span> <span class='ocrx_word' id='word_1_31' title='bbox 954 527 1013 574; x_wconf 88' lang='lat' dir='ltr'>eius</span> <span class='ocrx_word' id='word_1_32' title='bbox 1027 527 1181 576; x_wconf 83' lang='lat' dir='ltr'>imitatores</span> <span class='ocrx_word' id='word_1_33' title='bbox 1194 523 1345 595; x_wconf 86' lang='lat' dir='ltr'>Epicureos</span> <span class='ocrx_word' id='word_1_34' title='bbox 1358 521 1487 579; x_wconf 87' lang='lat' dir='ltr'>refertur.</span> <span class='ocrx_word' id='word_1_35' title='bbox 1544 572 1551 583; x_wconf 56' lang='lat'>.</span> 
     </span>
    </p>

    <p class='ocr_par' dir='ltr' id='par_1_3' title="bbox 159 596 1529 1046">
     <span class='ocr_line' id='line_1_4' title="bbox 243 596 1523 668; baseline 0.004 -22"><span class='ocrx_word' id='word_1_36' title='bbox 243 598 268 664; x_wconf 64' lang='lat' dir='ltr'>i.</span> <span class='ocrx_word' id='word_1_37' title='bbox 289 600 334 654; x_wconf 69' lang='lat'>24.</span> <span class='ocrx_word' id='word_1_38' title='bbox 358 601 385 647; x_wconf 82' lang='lat' dir='ltr'>ss·</span> <span class='ocrx_word' id='word_1_39' title='bbox 406 602 503 649; x_wconf 86' lang='lat' dir='ltr'>anima</span> <span class='ocrx_word' id='word_1_40' title='bbox 527 596 583 668; x_wconf 83' lang='lat' dir='ltr'>est]</span> <span class='ocrx_word' id='word_1_41' title='bbox 609 599 657 652; x_wconf 85' lang='lat' dir='ltr'>Sic</span> <span class='ocrx_word' id='word_1_42' title='bbox 680 615 738 651; x_wconf 87' lang='lat' dir='ltr'>esse</span> <span class='ocrx_word' id='word_1_43' title='bbox 758 601 788 649; x_wconf 92' lang='lat' dir='ltr'>in</span> <span class='ocrx_word' id='word_1_44' title='bbox 806 613 945 649; x_wconf 83' lang='lat' dir='ltr'>manuscr.</span> <span class='ocrx_word' id='word_1_45' title='bbox 967 599 1105 651; x_wconf 88' lang='lat' dir='ltr'>Victorius</span> <span class='ocrx_word' id='word_1_46' title='bbox 1127 601 1156 650; x_wconf 91' lang='lat' dir='ltr'>lu</span> <span class='ocrx_word' id='word_1_47' title='bbox 1175 603 1231 651; x_wconf 88' lang='lat' dir='ltr'>suis</span> <span class='ocrx_word' id='word_1_48' title='bbox 1251 598 1485 668; x_wconf 66' lang='lat' dir='ltr'>(instigationibus</span> <span class='ocrx_word' id='word_1_49' title='bbox 1519 614 1523 623; x_wconf 91' lang='grc'>’</span> 
     </span>
     <span class='ocr_line' id='line_1_5' title="bbox 160 668 1485 746; baseline 0.003 -24"><span class='ocrx_word' id='word_1_50' title='bbox 160 672 234 723; x_wconf 87' lang='lat' dir='ltr'>olim</span> <span class='ocrx_word' id='word_1_51' title='bbox 254 668 414 734; x_wconf 79' lang='lat' dir='ltr'>admonuit,</span> <span class='ocrx_word' id='word_1_52' title='bbox 435 689 559 745; x_wconf 87' lang='lat' dir='ltr'>proquo</span> <span class='ocrx_word' id='word_1_53' title='bbox 579 670 659 742; x_wconf 79' lang='lat' dir='ltr'>vulgo</span> <span class='ocrx_word' id='word_1_54' title='bbox 679 688 899 746; x_wconf 85' lang='lat' dir='ltr'>supposuerunt,</span> <span class='ocrx_word' id='word_1_55' title='bbox 920 672 1019 740; x_wconf 65' lang='lat' dir='ltr'>Siaer</span> <span class='ocrx_word' id='word_1_56' title='bbox 1037 682 1089 726; x_wconf 87' lang='lat' dir='ltr'>est.</span> <span class='ocrx_word' id='word_1_57' title='bbox 1130 675 1258 724; x_wconf 78' lang='lat' dir='ltr'><em>Animam</em></span> <span class='ocrx_word' id='word_1_58' title='bbox 1271 689 1362 725; x_wconf 90' lang='lat' dir='ltr'>autem</span> <span class='ocrx_word' id='word_1_59' title='bbox 1378 674 1485 726; x_wconf 87' lang='lat' dir='ltr'>Latinis</span> 
     </span>
     <span class='ocr_line' id='line_1_6' title="bbox 160 745 1484 821; baseline 0.001 -22"><span class='ocrx_word' id='word_1_60' title='bbox 160 746 240 799; x_wconf 82' lang='lat' dir='ltr'>idem</span> <span class='ocrx_word' id='word_1_61' title='bbox 261 745 432 818; x_wconf 81' lang='lat' dir='ltr'>significare,</span> <span class='ocrx_word' id='word_1_62' title='bbox 457 745 530 819; x_wconf 86' lang='lat' dir='ltr'>quod</span> <span class='ocrx_word' id='word_1_63' title='bbox 551 747 663 802; x_wconf 83' lang='lat' dir='ltr'>Graecis</span> <span class='ocrx_word' id='word_1_64' title='bbox 683 748 779 821; x_wconf 71' lang='grc' dir='ltr'><em>ἀέρα,</em></span> <span class='ocrx_word' id='word_1_65' title='bbox 804 745 936 800; x_wconf 88' lang='lat' dir='ltr'>studiosis</span> <span class='ocrx_word' id='word_1_66' title='bbox 956 747 1101 801; x_wconf 85' lang='lat' dir='ltr'>Ciceronis</span> <span class='ocrx_word' id='word_1_67' title='bbox 1119 746 1269 800; x_wconf 88' lang='lat' dir='ltr'>lectoribus</span> <span class='ocrx_word' id='word_1_68' title='bbox 1289 753 1382 807; x_wconf 90' lang='lat' dir='ltr'>notins</span> <span class='ocrx_word' id='word_1_69' title='bbox 1401 764 1484 812; x_wconf 81' lang='lat' dir='ltr'>esset,</span> 
     </span>
     <span class='ocr_line' id='line_1_7' title="bbox 160 820 1486 895; baseline 0.002 -21"><span class='ocrx_word' id='word_1_70' title='bbox 160 826 219 874; x_wconf 86' lang='lat' dir='ltr'>misi</span> <span class='ocrx_word' id='word_1_71' title='bbox 242 824 385 874; x_wconf 85' lang='lat' dir='ltr'>Petionins</span> <span class='ocrx_word' id='word_1_72' title='bbox 411 837 439 877; x_wconf 87' lang='lat' dir='ltr'>st</span> <span class='ocrx_word' id='word_1_73' title='bbox 465 822 513 876; x_wconf 88' lang='lat' dir='ltr'>alii</span> <span class='ocrx_word' id='word_1_74' title='bbox 539 836 662 876; x_wconf 83' lang='lat' dir='ltr'>vetustae</span> <span class='ocrx_word' id='word_1_75' title='bbox 687 821 803 875; x_wconf 86' lang='lat' dir='ltr'>lectioni</span> <span class='ocrx_word' id='word_1_76' title='bbox 831 838 927 874; x_wconf 90' lang='lat' dir='ltr'>manus</span> <span class='ocrx_word' id='word_1_77' title='bbox 955 820 1071 877; x_wconf 83' lang='lat' dir='ltr'>sudores</span> <span class='ocrx_word' id='word_1_78' title='bbox 1096 826 1221 895; x_wconf 75' lang='lat' dir='ltr'>saepius,</span> <span class='ocrx_word' id='word_1_79' title='bbox 1249 838 1333 894; x_wconf 84' lang='lat' dir='ltr'>quatu</span> <span class='ocrx_word' id='word_1_80' title='bbox 1361 822 1486 891; x_wconf 84' lang='lat' dir='ltr'>decebat,</span> 
     </span>
     <span class='ocr_line' id='line_1_8' title="bbox 159 895 1485 971; baseline 0.003 -24"><span class='ocrx_word' id='word_1_81' title='bbox 159 895 334 951; x_wconf 68' lang='lat' dir='ltr'>attulissent.</span> <span class='ocrx_word' id='word_1_82' title='bbox 379 897 437 951; x_wconf 77' lang='lat' dir='ltr'>Nec</span> <span class='ocrx_word' id='word_1_83' title='bbox 458 913 549 951; x_wconf 83' lang='lat' dir='ltr'>tamen</span> <span class='ocrx_word' id='word_1_84' title='bbox 569 902 660 950; x_wconf 87' lang='lat' dir='ltr'>omnia</span> <span class='ocrx_word' id='word_1_85' title='bbox 681 902 722 951; x_wconf 88' lang='lat' dir='ltr'>sic</span> <span class='ocrx_word' id='word_1_86' title='bbox 742 900 848 950; x_wconf 79' lang='lat' dir='ltr'>mutare</span> <span class='ocrx_word' id='word_1_87' title='bbox 869 912 1033 969; x_wconf 82' lang='lat' dir='ltr'>potnerunt,</span> <span class='ocrx_word' id='word_1_88' title='bbox 1059 901 1127 969; x_wconf 78' lang='lat' dir='ltr'>quin</span> <span class='ocrx_word' id='word_1_89' title='bbox 1152 903 1248 949; x_wconf 86' lang='lat' dir='ltr'>anima</span> <span class='ocrx_word' id='word_1_90' title='bbox 1275 900 1328 951; x_wconf 86' lang='lat' dir='ltr'>bac</span> <span class='ocrx_word' id='word_1_91' title='bbox 1347 899 1485 971; x_wconf 76' lang='lat' dir='ltr'>significa·</span> 
     </span>
     <span class='ocr_line' id='line_1_9' title="bbox 160 966 1529 1046; baseline 0.004 -21"><span class='ocrx_word' id='word_1_92' title='bbox 160 976 241 1025; x_wconf 87' lang='lat' dir='ltr'>tione</span> <span class='ocrx_word' id='word_1_93' title='bbox 264 971 367 1041; x_wconf 83' lang='lat' dir='ltr'>reliqua</span> <span class='ocrx_word' id='word_1_94' title='bbox 388 977 424 1025; x_wconf 91' lang='lat' dir='ltr'>sit</span> <span class='ocrx_word' id='word_1_95' title='bbox 444 972 498 1025; x_wconf 86' lang='lat' dir='ltr'>boc</span> <span class='ocrx_word' id='word_1_96' title='bbox 518 977 579 1046; x_wconf 78' lang='lat' dir='ltr'>ipso</span> <span class='ocrx_word' id='word_1_97' title='bbox 598 978 682 1025; x_wconf 90' lang='lat' dir='ltr'>etiam</span> <span class='ocrx_word' id='word_1_98' title='bbox 703 972 775 1025; x_wconf 85' lang='lat' dir='ltr'>libro</span> <span class='ocrx_word' id='word_1_99' title='bbox 794 973 816 1039; x_wconf 56' lang='grc' dir='ltr'>ᾗ.</span> <span class='ocrx_word' id='word_1_100' title='bbox 840 975 877 1027; x_wconf 74' lang='lat' dir='ltr'>li?</span> <span class='ocrx_word' id='word_1_101' title='bbox 896 988 923 1025; x_wconf 90' lang='lat' dir='ltr'>et</span> <span class='ocrx_word' id='word_1_102' title='bbox 944 975 989 1032; x_wconf 68' lang='lat'>45.</span> <span class='ocrx_word' id='word_1_103' title='bbox 1094 1012 1097 1027; x_wconf 82' lang='grc'><strong>.</strong></span> <span class='ocrx_word' id='word_1_104' title='bbox 1524 966 1529 970; x_wconf 45' lang='grc'><strong>’</strong></span> 
     </span>
    </p>

    <p class='ocr_par' dir='ltr' id='par_1_4' title="bbox 160 1045 1485 1195">
     <span class='ocr_line' id='line_1_10' title="bbox 240 1045 1485 1119; baseline 0.002 -20"><span class='ocrx_word' id='word_1_105' title='bbox 240 1046 330 1100; x_wconf 88' lang='lat' dir='ltr'>lbid.</span> <span class='ocrx_word' id='word_1_106' title='bbox 356 1045 428 1100; x_wconf 67' lang='lat' dir='ltr'>mitt</span> <span class='ocrx_word' id='word_1_107' title='bbox 442 1065 519 1099; x_wconf 86' lang='lat' dir='ltr'>mors</span> <span class='ocrx_word' id='word_1_108' title='bbox 533 1047 690 1119; x_wconf 83' lang='lat' dir='ltr'>pertinere]</span> <span class='ocrx_word' id='word_1_109' title='bbox 717 1053 763 1100; x_wconf 70' lang='lat' dir='ltr'>bic</span> <span class='ocrx_word' id='word_1_110' title='bbox 784 1046 933 1100; x_wconf 86' lang='lat' dir='ltr'>Lambinus</span> <span class='ocrx_word' id='word_1_111' title='bbox 953 1045 1057 1113; x_wconf 77' lang='lat' dir='ltr'>edidit,</span> <span class='ocrx_word' id='word_1_112' title='bbox 1085 1065 1135 1119; x_wconf 93' lang='lat' dir='ltr'>pro</span> <span class='ocrx_word' id='word_1_113' title='bbox 1160 1065 1215 1118; x_wconf 83' lang='lat' dir='ltr'>quo</span> <span class='ocrx_word' id='word_1_114' title='bbox 1242 1052 1269 1099; x_wconf 91' lang='lat' dir='ltr'>in</span> <span class='ocrx_word' id='word_1_115' title='bbox 1297 1048 1358 1100; x_wconf 89' lang='lat' dir='ltr'>aliis</span> <span class='ocrx_word' id='word_1_116' title='bbox 1383 1046 1485 1119; x_wconf 74' lang='lat' dir='ltr'>legitur</span> 
     </span>
     <span class='ocr_line' id='line_1_11' title="bbox 160 1118 1428 1195; baseline 0.002 -22"><span class='ocrx_word' id='word_1_117' title='bbox 160 1120 238 1173; x_wconf 74' lang='lat' dir='ltr'>nibil</span> <span class='ocrx_word' id='word_1_118' title='bbox 249 1132 316 1192; x_wconf 85' lang='lat' dir='ltr'>post</span> <span class='ocrx_word' id='word_1_119' title='bbox 334 1131 451 1173; x_wconf 73' lang='lat' dir='ltr'>mortem</span> <span class='ocrx_word' id='word_1_120' title='bbox 466 1128 624 1194; x_wconf 85' lang='lat' dir='ltr'>pertinere,</span> <span class='ocrx_word' id='word_1_121' title='bbox 645 1118 718 1194; x_wconf 90' lang='lat' dir='ltr'>quod</span> <span class='ocrx_word' id='word_1_122' title='bbox 738 1128 766 1175; x_wconf 91' lang='lat' dir='ltr'>in</span> <span class='ocrx_word' id='word_1_123' title='bbox 787 1121 942 1194; x_wconf 73' lang='lat' dir='ltr'><strong>syllogismi</strong></span> <span class='ocrx_word' id='word_1_124' title='bbox 962 1122 1140 1176; x_wconf 69' lang='lat' dir='ltr'>conclusione</span> <span class='ocrx_word' id='word_1_125' title='bbox 1159 1122 1206 1175; x_wconf 87' lang='lat' dir='ltr'>bic</span> <span class='ocrx_word' id='word_1_126' title='bbox 1220 1127 1310 1195; x_wconf 33' lang='lat' dir='ltr'>,magis</span> <span class='ocrx_word' id='word_1_127' title='bbox 1331 1121 1428 1194; x_wconf 83' lang='lat' dir='ltr'>probo.</span> 
     </span>
    </p>
   </div>
   <div class='ocr_carea' id='block_1_3' title="bbox 240 1196 1601 1269">
    <p class='ocr_par' dir='ltr' id='par_1_5' title="bbox 240 1196 1601 1269">
     <span class='ocr_line' id='line_1_12' title="bbox 240 1196 1601 1269; baseline 0.001 -19"><span class='ocrx_word' id='word_1_128' title='bbox 240 1204 264 1263; x_wconf 66' lang='lat' dir='ltr'>i.</span> <span class='ocrx_word' id='word_1_129' title='bbox 278 1201 322 1256; x_wconf 79' lang='lat'>26.</span> <span class='ocrx_word' id='word_1_130' title='bbox 343 1204 401 1248; x_wconf 87' lang='lat' dir='ltr'>tum</span> <span class='ocrx_word' id='word_1_131' title='bbox 419 1201 554 1248; x_wconf 86' lang='lat' dir='ltr'>siminus</span> <span class='ocrx_word' id='word_1_132' title='bbox 571 1196 720 1269; x_wconf 76' lang='lat' dir='ltr'>obtinebis]</span> <span class='ocrx_word' id='word_1_133' title='bbox 747 1206 805 1249; x_wconf 84' lang='lat' dir='ltr'>tum</span> <span class='ocrx_word' id='word_1_134' title='bbox 825 1202 851 1248; x_wconf 89' lang='lat' dir='ltr'>si</span> <span class='ocrx_word' id='word_1_135' title='bbox 869 1202 960 1249; x_wconf 76' lang='lat' dir='ltr'>sitinus</span> <span class='ocrx_word' id='word_1_136' title='bbox 978 1196 1010 1247; x_wconf 82' lang='lat' dir='ltr'>id</span> <span class='ocrx_word' id='word_1_137' title='bbox 1026 1197 1163 1250; x_wconf 74' lang='lat' dir='ltr'>obtinebis</span> <span class='ocrx_word' id='word_1_138' title='bbox 1181 1213 1223 1251; x_wconf 85' lang='lat' dir='ltr'>est</span> <span class='ocrx_word' id='word_1_139' title='bbox 1242 1202 1271 1251; x_wconf 89' lang='lat' dir='ltr'>lu</span> <span class='ocrx_word' id='word_1_140' title='bbox 1290 1197 1368 1251; x_wconf 89' lang='lat' dir='ltr'>libris</span> <span class='ocrx_word' id='word_1_141' title='bbox 1388 1199 1484 1251; x_wconf 84' lang='lat' dir='ltr'>mello·</span> <span class='ocrx_word' id='word_1_142' title='bbox 1597 1200 1601 1213; x_wconf 76' lang='grc'><em>“</em></span> 
     </span>
    </p>
   </div>
   <div class='ocr_carea' id='block_1_4' title="bbox 149 1270 1552 4947">
    <p class='ocr_par' dir='ltr' id='par_1_6' title="bbox 160 1270 539 1342">
     <span class='ocr_line' id='line_1_13' title="bbox 160 1270 539 1342; baseline -0.005 -16"><span class='ocrx_word' id='word_1_143' title='bbox 160 1270 241 1326; x_wconf 78' lang='lat' dir='ltr'>ribus</span> <span class='ocrx_word' id='word_1_144' title='bbox 261 1288 288 1323; x_wconf 89' lang='lat' dir='ltr'>et</span> <span class='ocrx_word' id='word_1_145' title='bbox 308 1277 512 1342; x_wconf 79' lang='lat' dir='ltr'>manuscriptis.</span> <span class='ocrx_word' id='word_1_146' title='bbox 535 1328 539 1341; x_wconf 27' lang='lat'>⁵</span> 
     </span>
    </p>

    <p class='ocr_par' dir='ltr' id='par_1_7' title="bbox 157 1344 1552 1568">
     <span class='ocr_line' id='line_1_14' title="bbox 238 1344 1552 1418; baseline 0 -17"><span class='ocrx_word' id='word_1_147' title='bbox 238 1348 263 1412; x_wconf 60' lang='grc' dir='ltr'>ἕ.</span> <span class='ocrx_word' id='word_1_148' title='bbox 284 1352 328 1401; x_wconf 82' lang='lat'>27.</span> <span class='ocrx_word' id='word_1_149' title='bbox 353 1350 438 1417; x_wconf 82' lang='lat' dir='ltr'>neque</span> <span class='ocrx_word' id='word_1_150' title='bbox 459 1364 573 1398; x_wconf 72' lang='lat' dir='ltr'>excessu</span> <span class='ocrx_word' id='word_1_151' title='bbox 591 1366 606 1398; x_wconf 92' lang='lat' dir='ltr'>e</span> <span class='ocrx_word' id='word_1_152' title='bbox 624 1346 699 1418; x_wconf 83' lang='lat' dir='ltr'>vita]</span> <span class='ocrx_word' id='word_1_153' title='bbox 727 1346 774 1399; x_wconf 86' lang='lat' dir='ltr'>Sic</span> <span class='ocrx_word' id='word_1_154' title='bbox 795 1347 877 1398; x_wconf 86' lang='lat' dir='ltr'>libro</span> <span class='ocrx_word' id='word_1_155' title='bbox 896 1352 934 1404; x_wconf 53' lang='grc' dir='ltr'>ΞΕ</span> <span class='ocrx_word' id='word_1_156' title='bbox 951 1344 985 1397; x_wconf 86' lang='lat' dir='ltr'>de</span> <span class='ocrx_word' id='word_1_157' title='bbox 1003 1346 1134 1402; x_wconf 68' lang='lat' dir='ltr'>Finibus:</span> <span class='ocrx_word' id='word_1_158' title='bbox 1166 1352 1196 1399; x_wconf 86' lang='lat' dir='ltr'>in</span> <span class='ocrx_word' id='word_1_159' title='bbox 1220 1345 1264 1397; x_wconf 77' lang='lat' dir='ltr'>nu</span> <span class='ocrx_word' id='word_1_160' title='bbox 1288 1355 1317 1399; x_wconf 87' lang='lat' dir='ltr'>et</span> <span class='ocrx_word' id='word_1_161' title='bbox 1341 1364 1484 1401; x_wconf 76' lang='lat' dir='ltr'>excessum</span> <span class='ocrx_word' id='word_1_162' title='bbox 1549 1346 1552 1353; x_wconf 73' lang='grc'><em>’</em></span> 
     </span>
     <span class='ocr_line' id='line_1_15' title="bbox 157 1419 1482 1494; baseline 0.004 -22"><span class='ocrx_word' id='word_1_163' title='bbox 157 1442 177 1472; x_wconf 77' lang='lat' dir='ltr'>e</span> <span class='ocrx_word' id='word_1_164' title='bbox 195 1425 260 1471; x_wconf 82' lang='lat' dir='ltr'>vita</span> <span class='ocrx_word' id='word_1_165' title='bbox 284 1431 313 1472; x_wconf 88' lang='lat' dir='ltr'>et</span> <span class='ocrx_word' id='word_1_166' title='bbox 338 1427 368 1472; x_wconf 86' lang='lat' dir='ltr'>in</span> <span class='ocrx_word' id='word_1_167' title='bbox 392 1428 456 1473; x_wconf 80' lang='lat' dir='ltr'>vita</span> <span class='ocrx_word' id='word_1_168' title='bbox 479 1428 658 1475; x_wconf 79' lang='lat' dir='ltr'>mansionem.</span> <span class='ocrx_word' id='word_1_169' title='bbox 699 1426 801 1475; x_wconf 86' lang='lat' dir='ltr'>Verum</span> <span class='ocrx_word' id='word_1_170' title='bbox 825 1419 965 1494; x_wconf 80' lang='lat' dir='ltr'>exemplar</span> <span class='ocrx_word' id='word_1_171' title='bbox 991 1438 1129 1476; x_wconf 88' lang='lat' dir='ltr'>manuscr.</span> <span class='ocrx_word' id='word_1_172' title='bbox 1155 1427 1383 1479; x_wconf 79' lang='lat' dir='ltr'>consentianum</span> <span class='ocrx_word' id='word_1_173' title='bbox 1410 1423 1482 1490; x_wconf 79' lang='lat' dir='ltr'>aliis,</span> 
     </span>
     <span class='ocr_line' id='line_1_16' title="bbox 161 1497 1354 1568; baseline -0.001 -20"><span class='ocrx_word' id='word_1_174' title='bbox 161 1501 192 1548; x_wconf 83' lang='lat' dir='ltr'>iu</span> <span class='ocrx_word' id='word_1_175' title='bbox 213 1497 313 1568; x_wconf 84' lang='lat' dir='ltr'>quibus</span> <span class='ocrx_word' id='word_1_176' title='bbox 332 1512 373 1549; x_wconf 84' lang='lat' dir='ltr'>est</span> <span class='ocrx_word' id='word_1_177' title='bbox 392 1515 476 1567; x_wconf 84' lang='lat' dir='ltr'>neque</span> <span class='ocrx_word' id='word_1_178' title='bbox 495 1515 610 1561; x_wconf 64' lang='lat' dir='ltr'>excessu</span> <span class='ocrx_word' id='word_1_179' title='bbox 627 1502 715 1549; x_wconf 84' lang='lat' dir='ltr'>vitae.</span> <span class='ocrx_word' id='word_1_180' title='bbox 1228 1542 1237 1561; x_wconf 30' lang='grc' dir='ltr'>κ</span> <span class='ocrx_word' id='word_1_181' title='bbox 1351 1530 1354 1535; x_wconf 94' lang='grc'><strong>-</strong></span> 
     </span>
    </p>

    <p class='ocr_par' dir='ltr' id='par_1_8' title="bbox 159 1570 1483 1774">
     <span class='ocr_line' id='line_1_17' title="bbox 241 1570 1483 1643; baseline 0.002 -21"><span class='ocrx_word' id='word_1_182' title='bbox 241 1570 329 1625; x_wconf 88' lang='lat' dir='ltr'>lbid.</span> <span class='ocrx_word' id='word_1_183' title='bbox 347 1590 397 1623; x_wconf 84' lang='lat' dir='ltr'>nec</span> <span class='ocrx_word' id='word_1_184' title='bbox 411 1572 535 1624; x_wconf 83' lang='lat' dir='ltr'>violatas</span> <span class='ocrx_word' id='word_1_185' title='bbox 547 1580 607 1623; x_wconf 78' lang='lat' dir='ltr'>tam</span> <span class='ocrx_word' id='word_1_186' title='bbox 618 1571 782 1642; x_wconf 78' lang='lat' dir='ltr'>inexpiabili</span> <span class='ocrx_word' id='word_1_187' title='bbox 800 1571 951 1643; x_wconf 70' lang='lat' dir='ltr'>religione]</span> <span class='ocrx_word' id='word_1_188' title='bbox 977 1571 1011 1623; x_wconf 91' lang='lat' dir='ltr'>lu</span> <span class='ocrx_word' id='word_1_189' title='bbox 1030 1586 1168 1624; x_wconf 84' lang='lat' dir='ltr'>manuscr.</span> <span class='ocrx_word' id='word_1_190' title='bbox 1188 1586 1231 1624; x_wconf 85' lang='lat' dir='ltr'>est</span> <span class='ocrx_word' id='word_1_191' title='bbox 1249 1589 1299 1624; x_wconf 86' lang='lat' dir='ltr'>nec</span> <span class='ocrx_word' id='word_1_192' title='bbox 1317 1572 1483 1639; x_wconf 83' lang='lat' dir='ltr'>inviolatas,</span> 
     </span>
     <span class='ocr_line' id='line_1_18' title="bbox 159 1644 1482 1720; baseline 0.004 -22"><span class='ocrx_word' id='word_1_193' title='bbox 159 1644 236 1717; x_wconf 89' lang='lat' dir='ltr'>quod</span> <span class='ocrx_word' id='word_1_194' title='bbox 258 1664 313 1698; x_wconf 89' lang='lat' dir='ltr'>non</span> <span class='ocrx_word' id='word_1_195' title='bbox 333 1651 371 1698; x_wconf 87' lang='lat' dir='ltr'>ita</span> <span class='ocrx_word' id='word_1_196' title='bbox 391 1647 490 1720; x_wconf 87' lang='lat' dir='ltr'>placet.</span> <span class='ocrx_word' id='word_1_197' title='bbox 536 1647 645 1701; x_wconf 76' lang='lat' dir='ltr'>Scelere</span> <span class='ocrx_word' id='word_1_198' title='bbox 671 1652 744 1700; x_wconf 90' lang='lat' dir='ltr'>enim</span> <span class='ocrx_word' id='word_1_199' title='bbox 769 1652 875 1700; x_wconf 85' lang='lat' dir='ltr'>sancita</span> <span class='ocrx_word' id='word_1_200' title='bbox 901 1651 997 1719; x_wconf 86' lang='lat' dir='ltr'>poenis</span> <span class='ocrx_word' id='word_1_201' title='bbox 1024 1644 1169 1713; x_wconf 77' lang='lat' dir='ltr'>dicuntur,</span> <span class='ocrx_word' id='word_1_202' title='bbox 1193 1661 1262 1720; x_wconf 87' lang='lat' dir='ltr'>quae</span> <span class='ocrx_word' id='word_1_203' title='bbox 1288 1651 1318 1700; x_wconf 91' lang='lat' dir='ltr'>in</span> <span class='ocrx_word' id='word_1_204' title='bbox 1343 1646 1391 1699; x_wconf 85' lang='lat' dir='ltr'>illa</span> <span class='ocrx_word' id='word_1_205' title='bbox 1416 1663 1482 1704; x_wconf 84' lang='lat' dir='ltr'>sunt</span> 
     </span>
     <span class='ocr_line' id='line_1_19' title="bbox 159 1726 338 1774; baseline 0.006 -1"><span class='ocrx_word' id='word_1_206' title='bbox 159 1726 338 1774; x_wconf 79' lang='lat' dir='ltr'>constitutae.</span> 
     </span>
    </p>

    <p class='ocr_par' dir='ltr' id='par_1_9' title="bbox 159 1794 1485 2073">
     <span class='ocr_line' id='line_1_20' title="bbox 238 1794 1481 1869; baseline 0.002 -21"><span class='ocrx_word' id='word_1_207' title='bbox 238 1794 326 1849; x_wconf 89' lang='lat' dir='ltr'>lbid.</span> <span class='ocrx_word' id='word_1_208' title='bbox 345 1802 376 1847; x_wconf 91' lang='lat' dir='ltr'>in</span> <span class='ocrx_word' id='word_1_209' title='bbox 388 1801 488 1848; x_wconf 84' lang='lat' dir='ltr'>ceteris</span> <span class='ocrx_word' id='word_1_210' title='bbox 500 1813 548 1848; x_wconf 86' lang='lat' dir='ltr'>eos</span> <span class='ocrx_word' id='word_1_211' title='bbox 557 1795 631 1847; x_wconf 76' lang='lat' dir='ltr'>issimi</span> <span class='ocrx_word' id='word_1_212' title='bbox 644 1800 791 1865; x_wconf 83' lang='lat' dir='ltr'>retineret]</span> <span class='ocrx_word' id='word_1_213' title='bbox 813 1797 860 1849; x_wconf 91' lang='lat' dir='ltr'>Sic</span> <span class='ocrx_word' id='word_1_214' title='bbox 870 1814 929 1849; x_wconf 88' lang='lat' dir='ltr'>esse</span> <span class='ocrx_word' id='word_1_215' title='bbox 942 1795 1094 1869; x_wconf 70' lang='lat' dir='ltr'>legendum,</span> <span class='ocrx_word' id='word_1_216' title='bbox 1109 1800 1200 1867; x_wconf 86' lang='lat' dir='ltr'>itaque</span> <span class='ocrx_word' id='word_1_217' title='bbox 1213 1799 1390 1868; x_wconf 66' lang='lat' dir='ltr'>scriptumne</span> <span class='ocrx_word' id='word_1_218' title='bbox 1404 1815 1481 1869; x_wconf 87' lang='lat' dir='ltr'>rspe-</span> 
     </span>
     <span class='ocr_line' id='line_1_21' title="bbox 162 1870 1483 1944; baseline 0.004 -22"><span class='ocrx_word' id='word_1_219' title='bbox 162 1876 232 1923; x_wconf 86' lang='lat' dir='ltr'>risse</span> <span class='ocrx_word' id='word_1_220' title='bbox 252 1876 280 1923; x_wconf 93' lang='lat' dir='ltr'>in</span> <span class='ocrx_word' id='word_1_221' title='bbox 301 1870 391 1927; x_wconf 86' lang='lat' dir='ltr'>tribus</span> <span class='ocrx_word' id='word_1_222' title='bbox 407 1871 551 1924; x_wconf 85' lang='lat' dir='ltr'>codicibus</span> <span class='ocrx_word' id='word_1_223' title='bbox 572 1877 768 1944; x_wconf 85' lang='lat' dir='ltr'>manuscriptis</span> <span class='ocrx_word' id='word_1_224' title='bbox 788 1872 938 1925; x_wconf 82' lang='lat' dir='ltr'>Lambinus</span> <span class='ocrx_word' id='word_1_225' title='bbox 958 1870 1080 1925; x_wconf 87' lang='lat' dir='ltr'>adnotat.</span> <span class='ocrx_word' id='word_1_226' title='bbox 1119 1871 1195 1924; x_wconf 88' lang='lat' dir='ltr'>ldem</span> <span class='ocrx_word' id='word_1_227' title='bbox 1218 1876 1355 1941; x_wconf 79' lang='lat' dir='ltr'>integrum</span> <span class='ocrx_word' id='word_1_228' title='bbox 1374 1890 1483 1927; x_wconf 81' lang='lat' dir='ltr'>uersum</span> 
     </span>
     <span class='ocr_line' id='line_1_22' title="bbox 159 1945 1485 2073; baseline 0.002 -75"><span class='ocrx_word' id='word_1_229' title='bbox 159 1946 325 2073; x_wconf 53' lang='lat' dir='ltr'>Eurupianum¹</span> <span class='ocrx_word' id='word_1_230' title='bbox 339 1951 478 2018; x_wconf 84' lang='lat' dir='ltr'>reposuit,</span> <span class='ocrx_word' id='word_1_231' title='bbox 496 1952 568 2001; x_wconf 90' lang='lat' dir='ltr'>sicut</span> <span class='ocrx_word' id='word_1_232' title='bbox 588 1947 689 2021; x_wconf 76' lang='lat' dir='ltr'>legitur</span> <span class='ocrx_word' id='word_1_233' title='bbox 708 1951 779 2020; x_wconf 79' lang='lat' dir='ltr'>apati</span> <span class='ocrx_word' id='word_1_234' title='bbox 800 1946 926 2001; x_wconf 86' lang='lat' dir='ltr'>Servium</span> <span class='ocrx_word' id='word_1_235' title='bbox 945 1951 976 2000; x_wconf 92' lang='lat' dir='ltr'>in</span> <span class='ocrx_word' id='word_1_236' title='bbox 995 1947 1045 2001; x_wconf 88' lang='lat' dir='ltr'>lib.</span> <span class='ocrx_word' id='word_1_237' title='bbox 1061 1951 1091 2006; x_wconf 83' lang='lat'>6.</span> <span class='ocrx_word' id='word_1_238' title='bbox 1110 1945 1241 2012; x_wconf 63' lang='lat' dir='ltr'>Aeneid„</span> <span class='ocrx_word' id='word_1_239' title='bbox 1260 1950 1306 2016; x_wconf 88' lang='lat' dir='ltr'>qui</span> <span class='ocrx_word' id='word_1_240' title='bbox 1327 1945 1407 2020; x_wconf 74' lang='lat' dir='ltr'>vulgo</span> <span class='ocrx_word' id='word_1_241' title='bbox 1428 1953 1485 2001; x_wconf 90' lang='lat' dir='ltr'>im·</span> 
     </span>
    </p>

    <p class='ocr_par' dir='ltr' id='par_1_10' title="bbox 158 2038 1489 2320">
     <span class='ocr_line' id='line_1_23' title="bbox 222 2038 427 2075; baseline 0.005 -2"><span class='ocrx_word' id='word_1_242' title='bbox 222 2038 298 2073; x_wconf 88' lang='lat' dir='ltr'>ectus</span> <span class='ocrx_word' id='word_1_243' title='bbox 328 2040 342 2073; x_wconf 87' lang='lat' dir='ltr'>e</span> <span class='ocrx_word' id='word_1_244' title='bbox 364 2039 427 2075; x_wconf 86' lang='lat' dir='ltr'>ttur.</span> 
     </span>
     <span class='ocr_line' id='line_1_24' title="bbox 159 2039 1489 2169; baseline 0.004 -23"><span class='ocrx_word' id='word_1_245' title='bbox 159 2039 194 2094; x_wconf 55' lang='lat' dir='ltr'>pe</span> <span class='ocrx_word' id='word_1_246' title='bbox 236 2098 260 2162; x_wconf 56' lang='grc' dir='ltr'>ᾗ,</span> <span class='ocrx_word' id='word_1_247' title='bbox 280 2100 325 2152; x_wconf 78' lang='grc'>29,</span> <span class='ocrx_word' id='word_1_248' title='bbox 344 2041 377 2146; x_wconf 56' lang='lat' dir='ltr'>bt</span> <span class='ocrx_word' id='word_1_249' title='bbox 400 2114 470 2163; x_wconf 71' lang='lat' dir='ltr'>uero</span> <span class='ocrx_word' id='word_1_250' title='bbox 496 2096 631 2168; x_wconf 81' lang='lat' dir='ltr'>scrutari]</span> <span class='ocrx_word' id='word_1_251' title='bbox 659 2097 691 2149; x_wconf 86' lang='lat' dir='ltr'>ln</span> <span class='ocrx_word' id='word_1_252' title='bbox 718 2096 833 2169; x_wconf 79' lang='lat' dir='ltr'>vulgatis</span> <span class='ocrx_word' id='word_1_253' title='bbox 860 2097 999 2149; x_wconf 85' lang='lat' dir='ltr'>Lactantii</span> <span class='ocrx_word' id='word_1_254' title='bbox 1026 2094 1105 2149; x_wconf 86' lang='lat' dir='ltr'>libris</span> <span class='ocrx_word' id='word_1_255' title='bbox 1124 2098 1191 2168; x_wconf 87' lang='lat' dir='ltr'>Cap.</span> <span class='ocrx_word' id='word_1_256' title='bbox 1213 2100 1259 2154; x_wconf 80' lang='lat'>15.</span> <span class='ocrx_word' id='word_1_257' title='bbox 1283 2095 1344 2149; x_wconf 80' lang='lat' dir='ltr'>Lib.</span> <span class='ocrx_word' id='word_1_258' title='bbox 1366 2104 1409 2158; x_wconf 83' lang='lat'>1..</span> <span class='ocrx_word' id='word_1_259' title='bbox 1433 2098 1489 2151; x_wconf 81' lang='lat' dir='ltr'>nbi·</span> 
     </span>
     <span class='ocr_line' id='line_1_25' title="bbox 159 2170 1481 2243; baseline 0.002 -19"><span class='ocrx_word' id='word_1_260' title='bbox 159 2171 209 2224; x_wconf 86' lang='lat' dir='ltr'>bic</span> <span class='ocrx_word' id='word_1_261' title='bbox 228 2171 305 2224; x_wconf 88' lang='lat' dir='ltr'>locus</span> <span class='ocrx_word' id='word_1_262' title='bbox 325 2170 488 2237; x_wconf 82' lang='lat' dir='ltr'>adducitur,</span> <span class='ocrx_word' id='word_1_263' title='bbox 505 2171 634 2224; x_wconf 82' lang='lat' dir='ltr'>mendose</span> <span class='ocrx_word' id='word_1_264' title='bbox 654 2171 772 2243; x_wconf 75' lang='lat' dir='ltr'>legitur,</span> <span class='ocrx_word' id='word_1_265' title='bbox 792 2178 818 2222; x_wconf 87' lang='lat' dir='ltr'>si</span> <span class='ocrx_word' id='word_1_266' title='bbox 836 2173 953 2224; x_wconf 84' lang='lat' dir='ltr'>volisero</span> <span class='ocrx_word' id='word_1_267' title='bbox 972 2176 1112 2224; x_wconf 83' lang='lat' dir='ltr'>serutari:</span> <span class='ocrx_word' id='word_1_268' title='bbox 1138 2187 1203 2224; x_wconf 86' lang='lat' dir='ltr'>stam</span> <span class='ocrx_word' id='word_1_269' title='bbox 1224 2176 1254 2225; x_wconf 90' lang='lat' dir='ltr'>in</span> <span class='ocrx_word' id='word_1_270' title='bbox 1275 2176 1360 2237; x_wconf 79' lang='lat' dir='ltr'>veteri</span> <span class='ocrx_word' id='word_1_271' title='bbox 1379 2189 1438 2239; x_wconf 83' lang='lat' dir='ltr'>cst,</span> <span class='ocrx_word' id='word_1_272' title='bbox 1455 2179 1481 2226; x_wconf 87' lang='lat' dir='ltr'>si</span> 
     </span>
     <span class='ocr_line' id='line_1_26' title="bbox 158 2244 1381 2320; baseline 0.005 -23"><span class='ocrx_word' id='word_1_273' title='bbox 158 2265 230 2298; x_wconf 75' lang='lat' dir='ltr'>atero</span> <span class='ocrx_word' id='word_1_274' title='bbox 248 2251 380 2299; x_wconf 82' lang='lat' dir='ltr'>scrutari.</span> <span class='ocrx_word' id='word_1_275' title='bbox 400 2244 507 2318; x_wconf 85' lang='lat' dir='ltr'>(sicque</span> <span class='ocrx_word' id='word_1_276' title='bbox 527 2245 613 2300; x_wconf 80' lang='lat' dir='ltr'>edidit</span> <span class='ocrx_word' id='word_1_277' title='bbox 633 2245 833 2320; x_wconf 83' lang='lat' dir='ltr'>Ruenemaun.)</span> <span class='ocrx_word' id='word_1_278' title='bbox 1378 2252 1381 2259; x_wconf 73' lang='grc'><em>’</em></span> 
     </span>
    </p>

    <p class='ocr_par' dir='ltr' id='par_1_11' title="bbox 158 2319 1481 2468">
     <span class='ocr_line' id='line_1_27' title="bbox 194 2319 1481 2395; baseline 0.001 -19"><span class='ocrx_word' id='word_1_279' title='bbox 194 2330 199 2337; x_wconf 78' lang='grc'><strong>’</strong></span> <span class='ocrx_word' id='word_1_280' title='bbox 233 2324 257 2389; x_wconf 75' lang='lat'>§-</span> <span class='ocrx_word' id='word_1_281' title='bbox 277 2324 322 2378; x_wconf 78' lang='lat'>31.</span> <span class='ocrx_word' id='word_1_282' title='bbox 349 2329 378 2373; x_wconf 91' lang='lat' dir='ltr'>et</span> <span class='ocrx_word' id='word_1_283' title='bbox 397 2327 538 2373; x_wconf 75' lang='lat' dir='ltr'>maximae</span> <span class='ocrx_word' id='word_1_284' title='bbox 556 2322 677 2393; x_wconf 83' lang='lat' dir='ltr'>quidem]</span> <span class='ocrx_word' id='word_1_285' title='bbox 703 2328 745 2375; x_wconf 89' lang='lat' dir='ltr'>sic</span> <span class='ocrx_word' id='word_1_286' title='bbox 763 2319 925 2395; x_wconf 70' lang='lat' dir='ltr'>legendum,</span> <span class='ocrx_word' id='word_1_287' title='bbox 949 2338 1023 2388; x_wconf 84' lang='lat' dir='ltr'>nou,</span> <span class='ocrx_word' id='word_1_288' title='bbox 1046 2325 1179 2375; x_wconf 74' lang='lat' dir='ltr'>maxime.</span> <span class='ocrx_word' id='word_1_289' title='bbox 1222 2321 1272 2374; x_wconf 86' lang='lat' dir='ltr'>Est</span> <span class='ocrx_word' id='word_1_290' title='bbox 1292 2326 1367 2375; x_wconf 89' lang='lat' dir='ltr'>enim</span> <span class='ocrx_word' id='word_1_291' title='bbox 1386 2338 1481 2379; x_wconf 84' lang='lat' dir='ltr'>corte·</span> 
     </span>
     <span class='ocr_line' id='line_1_28' title="bbox 158 2396 718 2468; baseline 0 -17"><span class='ocrx_word' id='word_1_292' title='bbox 158 2400 219 2451; x_wconf 83' lang='lat' dir='ltr'>ctio</span> <span class='ocrx_word' id='word_1_293' title='bbox 238 2396 312 2449; x_wconf 75' lang='lat' dir='ltr'>verbi</span> <span class='ocrx_word' id='word_1_294' title='bbox 332 2415 366 2449; x_wconf 83' lang='lat' dir='ltr'>ex</span> <span class='ocrx_word' id='word_1_295' title='bbox 385 2401 591 2468; x_wconf 81' lang='lat' dir='ltr'>comparatione</span> <span class='ocrx_word' id='word_1_296' title='bbox 610 2401 718 2451; x_wconf 84' lang='lat' dir='ltr'>maiori.</span> 
     </span>
    </p>

    <p class='ocr_par' dir='ltr' id='par_1_12' title="bbox 154 2470 1537 2835">
     <span class='ocr_line' id='line_1_29' title="bbox 238 2470 1482 2544; baseline 0.002 -20"><span class='ocrx_word' id='word_1_297' title='bbox 238 2470 325 2524; x_wconf 85' lang='lat' dir='ltr'>ibid.</span> <span class='ocrx_word' id='word_1_298' title='bbox 358 2477 505 2536; x_wconf 73' lang='lat' dir='ltr'>institistis,</span> <span class='ocrx_word' id='word_1_299' title='bbox 533 2489 619 2543; x_wconf 86' lang='lat' dir='ltr'>remp.</span> <span class='ocrx_word' id='word_1_300' title='bbox 644 2490 700 2523; x_wconf 89' lang='lat' dir='ltr'>nnn</span> <span class='ocrx_word' id='word_1_301' title='bbox 724 2472 846 2544; x_wconf 74' lang='lat' dir='ltr'>tereti}</span> <span class='ocrx_word' id='word_1_302' title='bbox 873 2471 962 2525; x_wconf 86' lang='lat' dir='ltr'>Habet</span> <span class='ocrx_word' id='word_1_303' title='bbox 989 2476 1122 2524; x_wconf 88' lang='lat' dir='ltr'>maiorem</span> <span class='ocrx_word' id='word_1_304' title='bbox 1150 2474 1204 2523; x_wconf 82' lang='lat' dir='ltr'>uim</span> <span class='ocrx_word' id='word_1_305' title='bbox 1229 2470 1297 2524; x_wconf 89' lang='lat' dir='ltr'>baec</span> <span class='ocrx_word' id='word_1_306' title='bbox 1322 2471 1406 2524; x_wconf 90' lang='lat' dir='ltr'>lectio</span> <span class='ocrx_word' id='word_1_307' title='bbox 1433 2490 1482 2544; x_wconf 86' lang='lat' dir='ltr'>pet</span> 
     </span>
     <span class='ocr_line' id='line_1_30' title="bbox 155 2545 1537 2619; baseline -0.001 -18"><span class='ocrx_word' id='word_1_308' title='bbox 155 2551 405 2619; x_wconf 70' lang='lat' dir='ltr'>interrogationem</span> <span class='ocrx_word' id='word_1_309' title='bbox 424 2562 452 2601; x_wconf 87' lang='lat' dir='ltr'>et</span> <span class='ocrx_word' id='word_1_310' title='bbox 471 2546 650 2600; x_wconf 70' lang='lat' dir='ltr'>cenationem</span> <span class='ocrx_word' id='word_1_311' title='bbox 671 2551 810 2600; x_wconf 86' lang='lat' dir='ltr'>minorum</span> <span class='ocrx_word' id='word_1_312' title='bbox 830 2552 989 2611; x_wconf 72' lang='lat' dir='ltr'>enuntiata,</span> <span class='ocrx_word' id='word_1_313' title='bbox 1009 2550 1129 2617; x_wconf 86' lang='lat' dir='ltr'>quamsi</span> <span class='ocrx_word' id='word_1_314' title='bbox 1143 2545 1246 2616; x_wconf 86' lang='lat' dir='ltr'>absque</span> <span class='ocrx_word' id='word_1_315' title='bbox 1260 2551 1478 2619; x_wconf 70' lang='lat' dir='ltr'>interrogatione</span> <span class='ocrx_word' id='word_1_316' title='bbox 1532 2566 1537 2577; x_wconf 88' lang='lat'><strong>·</strong></span> 
     </span>
     <span class='ocr_line' id='line_1_31' title="bbox 156 2620 1479 2696; baseline 0.002 -21"><span class='ocrx_word' id='word_1_317' title='bbox 156 2621 233 2693; x_wconf 75' lang='lat' dir='ltr'>legas</span> <span class='ocrx_word' id='word_1_318' title='bbox 252 2629 393 2688; x_wconf 81' lang='lat' dir='ltr'>conseret,</span> <span class='ocrx_word' id='word_1_319' title='bbox 412 2638 442 2674; x_wconf 91' lang='lat' dir='ltr'>nt</span> <span class='ocrx_word' id='word_1_320' title='bbox 462 2638 503 2676; x_wconf 92' lang='lat' dir='ltr'>est</span> <span class='ocrx_word' id='word_1_321' title='bbox 524 2627 553 2676; x_wconf 89' lang='lat' dir='ltr'>in</span> <span class='ocrx_word' id='word_1_322' title='bbox 572 2637 668 2676; x_wconf 88' lang='lat' dir='ltr'>nostro</span> <span class='ocrx_word' id='word_1_323' title='bbox 688 2625 895 2695; x_wconf 85' lang='lat' dir='ltr'>manuscripto:</span> <span class='ocrx_word' id='word_1_324' title='bbox 922 2626 952 2675; x_wconf 93' lang='lat' dir='ltr'>in</span> <span class='ocrx_word' id='word_1_325' title='bbox 971 2639 1026 2696; x_wconf 88' lang='lat' dir='ltr'>quo</span> <span class='ocrx_word' id='word_1_326' title='bbox 1046 2626 1152 2693; x_wconf 87' lang='lat' dir='ltr'>parium</span> <span class='ocrx_word' id='word_1_327' title='bbox 1172 2620 1285 2674; x_wconf 87' lang='lat' dir='ltr'>collatio</span> <span class='ocrx_word' id='word_1_328' title='bbox 1306 2627 1387 2678; x_wconf 89' lang='lat' dir='ltr'>inest.</span> <span class='ocrx_word' id='word_1_329' title='bbox 1425 2620 1479 2677; x_wconf 88' lang='lat' dir='ltr'>Sed</span> 
     </span>
     <span class='ocr_line' id='line_1_32' title="bbox 157 2695 1478 2770; baseline 0.002 -21"><span class='ocrx_word' id='word_1_330' title='bbox 157 2714 186 2749; x_wconf 90' lang='lat' dir='ltr'>et</span> <span class='ocrx_word' id='word_1_331' title='bbox 206 2697 350 2750; x_wconf 77' lang='lat' dir='ltr'>Manutius</span> <span class='ocrx_word' id='word_1_332' title='bbox 370 2712 562 2769; x_wconf 69' lang='lat' dir='ltr'>argumentum</span> <span class='ocrx_word' id='word_1_333' title='bbox 581 2714 597 2750; x_wconf 89' lang='lat' dir='ltr'>a</span> <span class='ocrx_word' id='word_1_334' title='bbox 614 2702 716 2751; x_wconf 90' lang='lat' dir='ltr'>minori</span> <span class='ocrx_word' id='word_1_335' title='bbox 736 2702 822 2770; x_wconf 71' lang='lat' dir='ltr'>magis</span> <span class='ocrx_word' id='word_1_336' title='bbox 842 2696 957 2770; x_wconf 85' lang='lat' dir='ltr'>probat,</span> <span class='ocrx_word' id='word_1_337' title='bbox 976 2712 1004 2753; x_wconf 87' lang='lat' dir='ltr'>et</span> <span class='ocrx_word' id='word_1_338' title='bbox 1023 2695 1173 2751; x_wconf 75' lang='lat' dir='ltr'>Lambinus</span> <span class='ocrx_word' id='word_1_339' title='bbox 1194 2701 1223 2750; x_wconf 91' lang='lat' dir='ltr'>in</span> <span class='ocrx_word' id='word_1_340' title='bbox 1243 2696 1380 2752; x_wconf 84' lang='lat' dir='ltr'>veteribus</span> <span class='ocrx_word' id='word_1_341' title='bbox 1399 2696 1478 2752; x_wconf 87' lang='lat' dir='ltr'>libris</span> 
     </span>
     <span class='ocr_line' id='line_1_33' title="bbox 154 2772 837 2835; baseline 0.001 -11"><span class='ocrx_word' id='word_1_342' title='bbox 154 2789 215 2824; x_wconf 86' lang='lat' dir='ltr'>non</span> <span class='ocrx_word' id='word_1_343' title='bbox 232 2780 308 2835; x_wconf 78' lang='lat' dir='ltr'>seset</span> <span class='ocrx_word' id='word_1_344' title='bbox 325 2772 441 2825; x_wconf 83' lang='lat' dir='ltr'>inuenit.</span> <span class='ocrx_word' id='word_1_345' title='bbox 834 2820 837 2825; x_wconf 78' lang='grc'><strong><em>,</em></strong></span> 
     </span>
    </p>

    <p class='ocr_par' dir='ltr' id='par_1_13' title="bbox 155 2843 1480 3143">
     <span class='ocr_line' id='line_1_34' title="bbox 232 2843 1478 2919; baseline 0.001 -20"><span class='ocrx_word' id='word_1_346' title='bbox 232 2849 258 2915; x_wconf 59' lang='grc'>5.</span> <span class='ocrx_word' id='word_1_347' title='bbox 277 2851 322 2905; x_wconf 73' lang='grc' dir='ltr'>δἰ.</span> <span class='ocrx_word' id='word_1_348' title='bbox 342 2844 470 2916; x_wconf 72' lang='lat' dir='ltr'>imagini¹</span> <span class='ocrx_word' id='word_1_349' title='bbox 481 2844 629 2919; x_wconf 81' lang='lat' dir='ltr'>formam]</span> <span class='ocrx_word' id='word_1_350' title='bbox 650 2847 705 2915; x_wconf 89' lang='lat' dir='ltr'>Qui</span> <span class='ocrx_word' id='word_1_351' title='bbox 725 2846 772 2901; x_wconf 86' lang='lat' dir='ltr'>hic</span> <span class='ocrx_word' id='word_1_352' title='bbox 790 2849 926 2915; x_wconf 70' lang='lat' dir='ltr'>imaginis</span> <span class='ocrx_word' id='word_1_353' title='bbox 944 2864 1044 2899; x_wconf 87' lang='lat' dir='ltr'>urnam</span> <span class='ocrx_word' id='word_1_354' title='bbox 1063 2848 1247 2918; x_wconf 87' lang='lat' dir='ltr'>scripserunt,</span> <span class='ocrx_word' id='word_1_355' title='bbox 1270 2843 1382 2912; x_wconf 77' lang='lat' dir='ltr'>eadem,</span> <span class='ocrx_word' id='word_1_356' title='bbox 1401 2860 1478 2919; x_wconf 82' lang='lat' dir='ltr'>puto,</span> 
     </span>
     <span class='ocr_line' id='line_1_35' title="bbox 155 2920 1480 2995; baseline -0.002 -20"><span class='ocrx_word' id='word_1_357' title='bbox 155 2925 262 2993; x_wconf 67' lang='lat' dir='ltr'>ingenii</span> <span class='ocrx_word' id='word_1_358' title='bbox 282 2921 404 2975; x_wconf 85' lang='lat' dir='ltr'>sollertia</span> <span class='ocrx_word' id='word_1_359' title='bbox 424 2920 451 2975; x_wconf 89' lang='lat' dir='ltr'>id</span> <span class='ocrx_word' id='word_1_360' title='bbox 471 2920 612 2987; x_wconf 82' lang='lat' dir='ltr'>fecerunt,</span> <span class='ocrx_word' id='word_1_361' title='bbox 632 2938 684 2992; x_wconf 87' lang='lat' dir='ltr'>qua</span> <span class='ocrx_word' id='word_1_362' title='bbox 697 2921 848 2976; x_wconf 78' lang='lat' dir='ltr'>Beroaldus</span> <span class='ocrx_word' id='word_1_363' title='bbox 862 2921 955 2994; x_wconf 86' lang='lat' dir='ltr'>paullo</span> <span class='ocrx_word' id='word_1_364' title='bbox 974 2938 1038 2995; x_wconf 88' lang='lat' dir='ltr'>post</span> <span class='ocrx_word' id='word_1_365' title='bbox 1056 2920 1124 2993; x_wconf 73' lang='lat' dir='ltr'>legit</span> <span class='ocrx_word' id='word_1_366' title='bbox 1137 2921 1236 2975; x_wconf 77' lang='lat' dir='ltr'>Volsco</span> <span class='ocrx_word' id='word_1_367' title='bbox 1255 2920 1339 2973; x_wconf 84' lang='lat' dir='ltr'>docta</span> <span class='ocrx_word' id='word_1_368' title='bbox 1354 2940 1408 2991; x_wconf 90' lang='lat' dir='ltr'>per</span> <span class='ocrx_word' id='word_1_369' title='bbox 1425 2940 1480 2973; x_wconf 88' lang='lat' dir='ltr'>ora</span> 
     </span>
     <span class='ocr_line' id='line_1_36' title="bbox 155 2994 1478 3071; baseline -0.002 -21"><span class='ocrx_word' id='word_1_370' title='bbox 155 2997 266 3050; x_wconf 74' lang='lat' dir='ltr'>virebit:</span> <span class='ocrx_word' id='word_1_371' title='bbox 286 3012 368 3068; x_wconf 86' lang='lat' dir='ltr'>quum</span> <span class='ocrx_word' id='word_1_372' title='bbox 387 3013 496 3051; x_wconf 88' lang='lat' dir='ltr'>rersnm</span> <span class='ocrx_word' id='word_1_373' title='bbox 514 3001 571 3051; x_wconf 91' lang='lat' dir='ltr'>suis</span> <span class='ocrx_word' id='word_1_374' title='bbox 591 2994 705 3071; x_wconf 84' lang='lat' dir='ltr'>pedibus</span> <span class='ocrx_word' id='word_1_375' title='bbox 725 3014 782 3050; x_wconf 89' lang='lat' dir='ltr'>non</span> <span class='ocrx_word' id='word_1_376' title='bbox 800 3013 928 3051; x_wconf 88' lang='lat' dir='ltr'>constare</span> <span class='ocrx_word' id='word_1_377' title='bbox 946 2997 1147 3063; x_wconf 85' lang='lat' dir='ltr'>bariolaretur,</span> <span class='ocrx_word' id='word_1_378' title='bbox 1166 3000 1191 3050; x_wconf 91' lang='lat' dir='ltr'>si</span> <span class='ocrx_word' id='word_1_379' title='bbox 1209 2997 1358 3069; x_wconf 71' lang='lat' dir='ltr'>legeretur:</span> <span class='ocrx_word' id='word_1_380' title='bbox 1379 2997 1478 3050; x_wconf 82' lang='lat' dir='ltr'>Voitta</span> 
     </span>
     <span class='ocr_line' id='line_1_37' title="bbox 155 3073 995 3143; baseline -0.002 -18"><span class='ocrx_word' id='word_1_381' title='bbox 155 3078 241 3125; x_wconf 77' lang='lat' dir='ltr'>vivus</span> <span class='ocrx_word' id='word_1_382' title='bbox 255 3090 308 3143; x_wconf 81' lang='lat' dir='ltr'>per</span> <span class='ocrx_word' id='word_1_383' title='bbox 327 3092 381 3125; x_wconf 90' lang='lat' dir='ltr'>ora</span> <span class='ocrx_word' id='word_1_384' title='bbox 397 3073 500 3126; x_wconf 82' lang='lat' dir='ltr'>virtim.</span> <span class='ocrx_word' id='word_1_385' title='bbox 994 3104 995 3115; x_wconf 46' lang='grc' dir='ltr'><strong><em>ι</em></strong></span> 
     </span>
    </p>

    <p class='ocr_par' dir='ltr' id='par_1_14' title="bbox 156 3145 1478 3296">
     <span class='ocr_line' id='line_1_38' title="bbox 231 3145 1478 3275; baseline 0 -75"><span class='ocrx_word' id='word_1_386' title='bbox 231 3148 255 3213; x_wconf 71' lang='lat'>§-</span> <span class='ocrx_word' id='word_1_387' title='bbox 275 3152 320 3208; x_wconf 79' lang='lat'>37.</span> <span class='ocrx_word' id='word_1_388' title='bbox 347 3165 442 3199; x_wconf 73' lang='lat' dir='ltr'>usura</span> <span class='ocrx_word' id='word_1_389' title='bbox 459 3155 542 3216; x_wconf 81' lang='lat' dir='ltr'>atque</span> <span class='ocrx_word' id='word_1_390' title='bbox 560 3146 695 3275; x_wconf 41' lang='lat' dir='ltr'>adverti?</span> <span class='ocrx_word' id='word_1_391' title='bbox 721 3147 821 3201; x_wconf 85' lang='lat' dir='ltr'>Versus</span> <span class='ocrx_word' id='word_1_392' title='bbox 841 3162 906 3200; x_wconf 91' lang='lat' dir='ltr'>sunt</span> <span class='ocrx_word' id='word_1_393' title='bbox 920 3146 1062 3203; x_wconf 80' lang='lat' dir='ltr'>moabtici</span> <span class='ocrx_word' id='word_1_394' title='bbox 1087 3145 1244 3201; x_wconf 85' lang='lat' dir='ltr'>catalectici</span> <span class='ocrx_word' id='word_1_395' title='bbox 1270 3162 1304 3200; x_wconf 83' lang='lat' dir='ltr'>ea</span> <span class='ocrx_word' id='word_1_396' title='bbox 1321 3145 1422 3215; x_wconf 80' lang='lat' dir='ltr'>Ennii,</span> <span class='ocrx_word' id='word_1_397' title='bbox 1446 3160 1478 3200; x_wconf 90' lang='lat' dir='ltr'>ut</span> 
     </span>
     <span class='ocr_line' id='line_1_39' title="bbox 156 3219 1174 3296; baseline 0.002 -22"><span class='ocrx_word' id='word_1_398' title='bbox 156 3220 280 3288; x_wconf 78' lang='lat' dir='ltr'>ridetur,</span> <span class='ocrx_word' id='word_1_399' title='bbox 299 3220 428 3283; x_wconf 74' lang='lat' dir='ltr'>Hecuba:</span> <span class='ocrx_word' id='word_1_400' title='bbox 452 3220 551 3293; x_wconf 87' lang='lat' dir='ltr'>quibus</span> <span class='ocrx_word' id='word_1_401' title='bbox 571 3239 670 3294; x_wconf 85' lang='lat' dir='ltr'>respon</span> <span class='ocrx_word' id='word_1_402' title='bbox 692 3237 719 3275; x_wconf 90' lang='lat' dir='ltr'>et</span> <span class='ocrx_word' id='word_1_403' title='bbox 739 3226 851 3276; x_wconf 88' lang='lat' dir='ltr'>initium</span> <span class='ocrx_word' id='word_1_404' title='bbox 871 3222 1001 3277; x_wconf 84' lang='lat' dir='ltr'>Hecubae</span> <span class='ocrx_word' id='word_1_405' title='bbox 1019 3219 1174 3296; x_wconf 79' lang='lat' dir='ltr'>Euripidis:</span> 
     </span>
    </p>

    <p class='ocr_par' dir='ltr' id='par_1_15' title="bbox 153 3294 1517 3731">
     <span class='ocr_line' id='line_1_40' title="bbox 314 3294 1015 3374; baseline 0.006 -22"><span class='ocrx_word' id='word_1_406' title='bbox 314 3294 372 3355; x_wconf 80' lang='lat' dir='ltr'>&#39;&#39;uto</span> <span class='ocrx_word' id='word_1_407' title='bbox 391 3300 507 3372; x_wconf 73' lang='grc' dir='ltr'><em>νεκρῶν</em></span> <span class='ocrx_word' id='word_1_408' title='bbox 524 3299 694 3374; x_wconf 76' lang='grc' dir='ltr'>κευθμῶνα</span> <span class='ocrx_word' id='word_1_409' title='bbox 710 3294 767 3355; x_wconf 81' lang='grc' dir='ltr'>καὶ</span> <span class='ocrx_word' id='word_1_410' title='bbox 784 3295 899 3355; x_wconf 79' lang='grc' dir='ltr'><strong>σκότου</strong></span> <span class='ocrx_word' id='word_1_411' title='bbox 917 3296 1015 3362; x_wconf 77' lang='grc' dir='ltr'><strong><em>πύλας</em></strong></span> 
     </span>
     <span class='ocr_line' id='line_1_41' title="bbox 358 3366 1013 3448; baseline -0.005 -20"><span class='ocrx_word' id='word_1_412' title='bbox 358 3367 416 3437; x_wconf 75' lang='grc' dir='ltr'>ὠν,</span> <span class='ocrx_word' id='word_1_413' title='bbox 435 3375 465 3430; x_wconf 71' lang='lat' dir='ltr'>ir</span> <span class='ocrx_word' id='word_1_414' title='bbox 481 3366 578 3442; x_wconf 65' lang='lat' dir='ltr'>&#39;Indus</span> <span class='ocrx_word' id='word_1_415' title='bbox 590 3368 689 3448; x_wconf 79' lang='grc' dir='ltr'><strong><em>χωρὶς</em></strong></span> <span class='ocrx_word' id='word_1_416' title='bbox 708 3366 837 3443; x_wconf 79' lang='grc' dir='ltr'><strong><em>ᾤκισται</em></strong></span> <span class='ocrx_word' id='word_1_417' title='bbox 853 3373 946 3430; x_wconf 75' lang='grc' dir='ltr'><strong>θεῶν.</strong></span> <span class='ocrx_word' id='word_1_418' title='bbox 961 3410 969 3425; x_wconf 97' lang='grc'><strong>.</strong></span> <span class='ocrx_word' id='word_1_419' title='bbox 983 3409 1013 3425; x_wconf 88' lang='grc'>..</span> 
     </span>
     <span class='ocr_line' id='line_1_42' title="bbox 153 3444 1517 3519; baseline -0.003 -17"><span class='ocrx_word' id='word_1_420' title='bbox 153 3448 266 3502; x_wconf 79' lang='lat' dir='ltr'>Tertius</span> <span class='ocrx_word' id='word_1_421' title='bbox 286 3463 371 3519; x_wconf 89' lang='lat' dir='ltr'>paene</span> <span class='ocrx_word' id='word_1_422' title='bbox 391 3451 498 3516; x_wconf 73' lang='lat' dir='ltr'>integer</span> <span class='ocrx_word' id='word_1_423' title='bbox 517 3450 619 3500; x_wconf 87' lang='lat' dir='ltr'>citatur</span> <span class='ocrx_word' id='word_1_424' title='bbox 638 3462 654 3498; x_wconf 87' lang='lat' dir='ltr'>a</span> <span class='ocrx_word' id='word_1_425' title='bbox 672 3446 781 3510; x_wconf 79' lang='lat' dir='ltr'>Nonio.</span> <span class='ocrx_word' id='word_1_426' title='bbox 801 3444 886 3500; x_wconf 83' lang='lat' dir='ltr'>verbo</span> <span class='ocrx_word' id='word_1_427' title='bbox 903 3454 1025 3499; x_wconf 83' lang='lat' dir='ltr'>constat.</span> <span class='ocrx_word' id='word_1_428' title='bbox 1513 3494 1517 3509; x_wconf 84' lang='grc'>,</span> 
     </span>
     <span class='ocr_line' id='line_1_43' title="bbox 231 3518 1474 3594; baseline 0 -19"><span class='ocrx_word' id='word_1_429' title='bbox 231 3520 321 3576; x_wconf 89' lang='lat' dir='ltr'>lbid.</span> <span class='ocrx_word' id='word_1_430' title='bbox 346 3522 464 3574; x_wconf 82' lang='lat' dir='ltr'>Homeri</span> <span class='ocrx_word' id='word_1_431' title='bbox 482 3529 546 3573; x_wconf 88' lang='lat' dir='ltr'>tota</span> <span class='ocrx_word' id='word_1_432' title='bbox 564 3520 682 3592; x_wconf 76' lang='grc' dir='ltr'><strong><em>γεκυία]</em></strong></span> <span class='ocrx_word' id='word_1_433' title='bbox 708 3522 823 3576; x_wconf 83' lang='lat' dir='ltr'>Homeri</span> <span class='ocrx_word' id='word_1_434' title='bbox 843 3520 947 3580; x_wconf 78' lang='lat' dir='ltr'>resuta</span> <span class='ocrx_word' id='word_1_435' title='bbox 966 3521 1068 3575; x_wconf 87' lang='lat' dir='ltr'>dieitur</span> <span class='ocrx_word' id='word_1_436' title='bbox 1086 3536 1148 3594; x_wconf 86' lang='lat' dir='ltr'>pass</span> <span class='ocrx_word' id='word_1_437' title='bbox 1169 3519 1216 3573; x_wconf 90' lang='lat' dir='ltr'>illa</span> <span class='ocrx_word' id='word_1_438' title='bbox 1236 3518 1393 3594; x_wconf 71' lang='lat' dir='ltr'>Odysseae,</span> <span class='ocrx_word' id='word_1_439' title='bbox 1420 3534 1474 3593; x_wconf 84' lang='lat' dir='ltr'>qua</span> 
     </span>
     <span class='ocr_line' id='line_1_44' title="bbox 154 3592 1475 3670; baseline -0.001 -19"><span class='ocrx_word' id='word_1_440' title='bbox 154 3597 268 3670; x_wconf 73' lang='lat' dir='ltr'>lingitur</span> <span class='ocrx_word' id='word_1_441' title='bbox 287 3596 381 3650; x_wconf 74' lang='lat' dir='ltr'>Ulixes</span> <span class='ocrx_word' id='word_1_442' title='bbox 402 3595 436 3649; x_wconf 88' lang='lat' dir='ltr'>ad</span> <span class='ocrx_word' id='word_1_443' title='bbox 455 3593 558 3650; x_wconf 83' lang='lat' dir='ltr'>inferos</span> <span class='ocrx_word' id='word_1_444' title='bbox 578 3601 727 3650; x_wconf 78' lang='lat' dir='ltr'>accessisse</span> <span class='ocrx_word' id='word_1_445' title='bbox 746 3594 909 3669; x_wconf 82' lang='lat' dir='ltr'>umbrasque</span> <span class='ocrx_word' id='word_1_446' title='bbox 928 3594 1063 3657; x_wconf 80' lang='lat' dir='ltr'>allocutus</span> <span class='ocrx_word' id='word_1_447' title='bbox 1088 3592 1183 3650; x_wconf 80' lang='lat' dir='ltr'>fuisse.</span> <span class='ocrx_word' id='word_1_448' title='bbox 1226 3595 1298 3669; x_wconf 73' lang='lat' dir='ltr'>Lege</span> <span class='ocrx_word' id='word_1_449' title='bbox 1319 3597 1475 3651; x_wconf 80' lang='lat' dir='ltr'>victorium</span> 
     </span>
     <span class='ocr_line' id='line_1_45' title="bbox 156 3671 600 3731; baseline -0.005 -4"><span class='ocrx_word' id='word_1_450' title='bbox 156 3672 276 3727; x_wconf 74' lang='lat' dir='ltr'>Vertar.</span> <span class='ocrx_word' id='word_1_451' title='bbox 296 3671 384 3724; x_wconf 73' lang='lat' dir='ltr'>beers.</span> <span class='ocrx_word' id='word_1_452' title='bbox 405 3673 436 3725; x_wconf 83' lang='lat' dir='ltr'>i..</span> <span class='ocrx_word' id='word_1_453' title='bbox 456 3677 483 3731; x_wconf 81' lang='lat'>5.</span> <span class='ocrx_word' id='word_1_454' title='bbox 504 3672 535 3726; x_wconf 87' lang='lat' dir='ltr'>C.</span> <span class='ocrx_word' id='word_1_455' title='bbox 557 3676 600 3730; x_wconf 85' lang='lat'>15.</span> 
     </span>
    </p>

    <p class='ocr_par' dir='ltr' id='par_1_16' title="bbox 154 3742 1476 3893">
     <span class='ocr_line' id='line_1_46' title="bbox 231 3742 1476 3818; baseline -0.002 -19"><span class='ocrx_word' id='word_1_456' title='bbox 231 3745 322 3799; x_wconf 88' lang='lat' dir='ltr'>lbld.</span> <span class='ocrx_word' id='word_1_457' title='bbox 341 3742 427 3816; x_wconf 85' lang='lat' dir='ltr'>falso</span> <span class='ocrx_word' id='word_1_458' title='bbox 445 3747 596 3818; x_wconf 66' lang='lat' dir='ltr'>sanguine]</span> <span class='ocrx_word' id='word_1_459' title='bbox 622 3743 767 3800; x_wconf 82' lang='lat' dir='ltr'>Turnebus</span> <span class='ocrx_word' id='word_1_460' title='bbox 785 3743 933 3817; x_wconf 70' lang='lat' dir='ltr'>legendum</span> <span class='ocrx_word' id='word_1_461' title='bbox 958 3759 1038 3816; x_wconf 89' lang='lat' dir='ltr'>putat</span> <span class='ocrx_word' id='word_1_462' title='bbox 1062 3745 1139 3797; x_wconf 86' lang='lat' dir='ltr'>salso</span> <span class='ocrx_word' id='word_1_463' title='bbox 1163 3751 1318 3815; x_wconf 70' lang='lat' dir='ltr'>sangarius,</span> <span class='ocrx_word' id='word_1_464' title='bbox 1345 3743 1476 3817; x_wconf 86' lang='lat' dir='ltr'>quemad·</span> 
     </span>
     <span class='ocr_line' id='line_1_47' title="bbox 154 3819 1355 3893; baseline -0.002 -18"><span class='ocrx_word' id='word_1_465' title='bbox 154 3819 270 3875; x_wconf 76' lang='lat' dir='ltr'>modum</span> <span class='ocrx_word' id='word_1_466' title='bbox 291 3820 361 3893; x_wconf 87' lang='lat' dir='ltr'>apud</span> <span class='ocrx_word' id='word_1_467' title='bbox 381 3822 518 3875; x_wconf 81' lang='lat' dir='ltr'>Ennium:</span> <span class='ocrx_word' id='word_1_468' title='bbox 536 3822 632 3893; x_wconf 76' lang='lat' dir='ltr'>Neque</span> <span class='ocrx_word' id='word_1_469' title='bbox 650 3827 769 3873; x_wconf 86' lang='lat' dir='ltr'>miserae</span> <span class='ocrx_word' id='word_1_470' title='bbox 787 3821 884 3873; x_wconf 78' lang='lat' dir='ltr'>laum</span> <span class='ocrx_word' id='word_1_471' title='bbox 903 3821 1036 3872; x_wconf 83' lang='lat' dir='ltr'>lacrimae</span> <span class='ocrx_word' id='word_1_472' title='bbox 1054 3822 1161 3873; x_wconf 74' lang='lat' dir='ltr'>rabum</span> <span class='ocrx_word' id='word_1_473' title='bbox 1178 3826 1355 3890; x_wconf 69' lang='lat' dir='ltr'>sanguinem.</span> 
     </span>
    </p>

    <p class='ocr_par' dir='ltr' id='par_1_17' title="bbox 152 3891 1475 4271">
     <span class='ocr_line' id='line_1_48' title="bbox 230 3891 1475 3968; baseline 0.001 -20"><span class='ocrx_word' id='word_1_474' title='bbox 230 3899 254 3964; x_wconf 58' lang='grc' dir='ltr'>ᾗ.</span> <span class='ocrx_word' id='word_1_475' title='bbox 274 3901 320 3957; x_wconf 71' lang='grc'>58.</span> <span class='ocrx_word' id='word_1_476' title='bbox 346 3901 431 3949; x_wconf 84' lang='lat' dir='ltr'>etiam</span> <span class='ocrx_word' id='word_1_477' title='bbox 448 3898 523 3949; x_wconf 74' lang='lat' dir='ltr'>alios</span> <span class='ocrx_word' id='word_1_478' title='bbox 547 3905 590 3950; x_wconf 85' lang='lat' dir='ltr'>tat</span> <span class='ocrx_word' id='word_1_479' title='bbox 614 3898 713 3949; x_wconf 78' lang='lat' dir='ltr'>secedis</span> <span class='ocrx_word' id='word_1_480' title='bbox 737 3896 771 3947; x_wconf 74' lang='lat' dir='ltr'>tte</span> <span class='ocrx_word' id='word_1_481' title='bbox 796 3895 911 3968; x_wconf 63' lang='lat' dir='ltr'>animm]</span> <span class='ocrx_word' id='word_1_482' title='bbox 944 3896 977 3949; x_wconf 93' lang='lat' dir='ltr'>ln</span> <span class='ocrx_word' id='word_1_483' title='bbox 1004 3894 1066 3948; x_wconf 78' lang='lat' dir='ltr'>stills</span> <span class='ocrx_word' id='word_1_484' title='bbox 1090 3894 1171 3949; x_wconf 89' lang='lat' dir='ltr'>libris</span> <span class='ocrx_word' id='word_1_485' title='bbox 1197 3899 1338 3968; x_wconf 86' lang='lat' dir='ltr'>impressis</span> <span class='ocrx_word' id='word_1_486' title='bbox 1365 3891 1475 3949; x_wconf 85' lang='lat' dir='ltr'>additus</span> 
     </span>
     <span class='ocr_line' id='line_1_49' title="bbox 154 3970 1474 4045; baseline -0.001 -21"><span class='ocrx_word' id='word_1_487' title='bbox 154 3970 268 4029; x_wconf 77' lang='lat' dir='ltr'>verbum</span> <span class='ocrx_word' id='word_1_488' title='bbox 287 3970 461 4042; x_wconf 81' lang='lat' dir='ltr'>disputasse,</span> <span class='ocrx_word' id='word_1_489' title='bbox 481 3970 555 4045; x_wconf 89' lang='lat' dir='ltr'>quod</span> <span class='ocrx_word' id='word_1_490' title='bbox 574 3990 661 4044; x_wconf 86' lang='lat' dir='ltr'>neque</span> <span class='ocrx_word' id='word_1_491' title='bbox 682 3970 830 4025; x_wconf 75' lang='lat' dir='ltr'>Lambinus</span> <span class='ocrx_word' id='word_1_492' title='bbox 851 3975 880 4024; x_wconf 90' lang='lat' dir='ltr'>in</span> <span class='ocrx_word' id='word_1_493' title='bbox 899 3974 974 4035; x_wconf 84' lang='lat' dir='ltr'>suis,</span> <span class='ocrx_word' id='word_1_494' title='bbox 991 3988 1080 4043; x_wconf 87' lang='lat' dir='ltr'>neque</span> <span class='ocrx_word' id='word_1_495' title='bbox 1100 3987 1150 4042; x_wconf 74' lang='lat' dir='ltr'>epo</span> <span class='ocrx_word' id='word_1_496' title='bbox 1170 3974 1199 4023; x_wconf 87' lang='lat' dir='ltr'>in</span> <span class='ocrx_word' id='word_1_497' title='bbox 1218 3987 1314 4023; x_wconf 87' lang='lat' dir='ltr'>nostro</span> <span class='ocrx_word' id='word_1_498' title='bbox 1334 3985 1474 4023; x_wconf 86' lang='lat' dir='ltr'>manuscr.</span> 
     </span>
     <span class='ocr_line' id='line_1_50' title="bbox 154 4041 1472 4123; baseline -0.002 -22"><span class='ocrx_word' id='word_1_499' title='bbox 154 4051 273 4122; x_wconf 88' lang='lat' dir='ltr'>reperio.</span> <span class='ocrx_word' id='word_1_500' title='bbox 312 4047 477 4123; x_wconf 33' lang='lat' dir='ltr'>&#39;Estautem</span> <span class='ocrx_word' id='word_1_501' title='bbox 496 4041 559 4105; x_wconf 70' lang='lat' dir='ltr'>aad</span> <span class='ocrx_word' id='word_1_502' title='bbox 577 4044 683 4105; x_wconf 81' lang='grc' dir='ltr'><strong><em>κοινοῦ</em></strong></span> <span class='ocrx_word' id='word_1_503' title='bbox 702 4044 880 4119; x_wconf 86' lang='lat' dir='ltr'>repetendum</span> <span class='ocrx_word' id='word_1_504' title='bbox 899 4043 1011 4097; x_wconf 85' lang='lat' dir='ltr'>verbum</span> <span class='ocrx_word' id='word_1_505' title='bbox 1030 4045 1146 4097; x_wconf 60' lang='lat' dir='ltr'>dixisse.</span> <span class='ocrx_word' id='word_1_506' title='bbox 1192 4041 1359 4117; x_wconf 68' lang='lat' dir='ltr'>Pherecydes</span> <span class='ocrx_word' id='word_1_507' title='bbox 1379 4060 1472 4099; x_wconf 85' lang='lat' dir='ltr'>autem</span> 
     </span>
     <span class='ocr_line' id='line_1_51' title="bbox 152 4116 1473 4196; baseline 0.001 -22"><span class='ocrx_word' id='word_1_508' title='bbox 152 4124 261 4195; x_wconf 80' lang='lat' dir='ltr'>Syrus.</span> <span class='ocrx_word' id='word_1_509' title='bbox 281 4135 311 4174; x_wconf 93' lang='lat' dir='ltr'>ut</span> <span class='ocrx_word' id='word_1_510' title='bbox 331 4122 377 4174; x_wconf 87' lang='lat' dir='ltr'>hic</span> <span class='ocrx_word' id='word_1_511' title='bbox 396 4122 506 4194; x_wconf 76' lang='lat' dir='ltr'>legitur,</span> <span class='ocrx_word' id='word_1_512' title='bbox 529 4118 694 4195; x_wconf 73' lang='grc' dir='ltr'>Φερὲκύόης</span> <span class='ocrx_word' id='word_1_513' title='bbox 706 4128 815 4196; x_wconf 64' lang='lat' dir='ltr'>Eumne</span> <span class='ocrx_word' id='word_1_514' title='bbox 833 4125 993 4174; x_wconf 85' lang='lat' dir='ltr'>nominatur</span> <span class='ocrx_word' id='word_1_515' title='bbox 1012 4116 1084 4192; x_wconf 88' lang='lat' dir='ltr'>apud</span> <span class='ocrx_word' id='word_1_516' title='bbox 1103 4120 1245 4174; x_wconf 72' lang='lat' dir='ltr'>inertum</span> <span class='ocrx_word' id='word_1_517' title='bbox 1265 4118 1326 4174; x_wconf 81' lang='lat' dir='ltr'>Lib·</span> <span class='ocrx_word' id='word_1_518' title='bbox 1347 4130 1372 4178; x_wconf 83' lang='lat'>1·</span> <span class='ocrx_word' id='word_1_519' title='bbox 1410 4121 1473 4175; x_wconf 83' lang='lat' dir='ltr'>Fuit</span> 
     </span>
     <span class='ocr_line' id='line_1_52' title="bbox 153 4194 1281 4271; baseline -0.004 -19"><span class='ocrx_word' id='word_1_520' title='bbox 153 4202 227 4252; x_wconf 86' lang='lat' dir='ltr'>enim</span> <span class='ocrx_word' id='word_1_521' title='bbox 247 4214 262 4250; x_wconf 95' lang='lat' dir='ltr'>e</span> <span class='ocrx_word' id='word_1_522' title='bbox 282 4198 350 4268; x_wconf 80' lang='lat' dir='ltr'>Syro</span> <span class='ocrx_word' id='word_1_523' title='bbox 370 4197 572 4263; x_wconf 55' lang='lat' dir='ltr'>insula‚„cuius</span> <span class='ocrx_word' id='word_1_524' title='bbox 592 4196 627 4254; x_wconf 83' lang='lat' dir='ltr'>sb</span> <span class='ocrx_word' id='word_1_525' title='bbox 645 4196 771 4254; x_wconf 62' lang='lat' dir='ltr'>diram</span> <span class='ocrx_word' id='word_1_526' title='bbox 791 4194 903 4271; x_wconf 75' lang='grc' dir='ltr'><strong><em>Σύριος</em></strong></span> <span class='ocrx_word' id='word_1_527' title='bbox 921 4210 980 4259; x_wconf 81' lang='lat' dir='ltr'>est.</span> <span class='ocrx_word' id='word_1_528' title='bbox 998 4211 1111 4248; x_wconf 90' lang='lat' dir='ltr'>auctore</span> <span class='ocrx_word' id='word_1_529' title='bbox 1131 4195 1281 4268; x_wconf 85' lang='lat' dir='ltr'>Stephano.</span> 
     </span>
    </p>

    <p class='ocr_par' dir='ltr' id='par_1_18' title="bbox 153 4267 1472 4418">
     <span class='ocr_line' id='line_1_53' title="bbox 228 4267 1472 4343; baseline -0.001 -17"><span class='ocrx_word' id='word_1_530' title='bbox 228 4273 252 4339; x_wconf 55' lang='grc' dir='ltr'>ᾗ.</span> <span class='ocrx_word' id='word_1_531' title='bbox 274 4275 318 4327; x_wconf 81' lang='lat' dir='ltr'>iu.</span> <span class='ocrx_word' id='word_1_532' title='bbox 344 4278 491 4343; x_wconf 80' lang='lat' dir='ltr'>superiora</span> <span class='ocrx_word' id='word_1_533' title='bbox 508 4272 683 4343; x_wconf 82' lang='lat' dir='ltr'>appetentes]</span> <span class='ocrx_word' id='word_1_534' title='bbox 710 4272 770 4324; x_wconf 78' lang='lat' dir='ltr'>linc</span> <span class='ocrx_word' id='word_1_535' title='bbox 791 4289 823 4322; x_wconf 82' lang='lat' dir='ltr'>ex</span> <span class='ocrx_word' id='word_1_536' title='bbox 850 4269 986 4323; x_wconf 80' lang='lat' dir='ltr'>ueteribus</span> <span class='ocrx_word' id='word_1_537' title='bbox 1012 4269 1176 4341; x_wconf 86' lang='lat' dir='ltr'>quibusdam</span> <span class='ocrx_word' id='word_1_538' title='bbox 1205 4267 1347 4324; x_wconf 85' lang='lat' dir='ltr'>codicibus</span> <span class='ocrx_word' id='word_1_539' title='bbox 1373 4270 1472 4325; x_wconf 81' lang='lat' dir='ltr'>meiius</span> 
     </span>
     <span class='ocr_line' id='line_1_54' title="bbox 153 4344 1324 4418; baseline -0.004 -17"><span class='ocrx_word' id='word_1_540' title='bbox 153 4364 211 4401; x_wconf 85' lang='lat' dir='ltr'>esse</span> <span class='ocrx_word' id='word_1_541' title='bbox 232 4345 381 4400; x_wconf 80' lang='lat' dir='ltr'>Lambinus</span> <span class='ocrx_word' id='word_1_542' title='bbox 401 4351 547 4418; x_wconf 83' lang='lat' dir='ltr'>opinatur.</span> <span class='ocrx_word' id='word_1_543' title='bbox 566 4362 646 4416; x_wconf 85' lang='lat' dir='ltr'>quam</span> <span class='ocrx_word' id='word_1_544' title='bbox 668 4345 740 4417; x_wconf 91' lang='lat' dir='ltr'>quod</span> <span class='ocrx_word' id='word_1_545' title='bbox 759 4362 801 4398; x_wconf 89' lang='lat' dir='ltr'>est</span> <span class='ocrx_word' id='word_1_546' title='bbox 822 4350 851 4397; x_wconf 85' lang='lat' dir='ltr'>in</span> <span class='ocrx_word' id='word_1_547' title='bbox 870 4344 985 4415; x_wconf 78' lang='lat' dir='ltr'>vulgatis</span> <span class='ocrx_word' id='word_1_548' title='bbox 1004 4351 1151 4417; x_wconf 82' lang='lat' dir='ltr'>superiora</span> <span class='ocrx_word' id='word_1_549' title='bbox 1168 4352 1324 4416; x_wconf 81' lang='lat' dir='ltr'>appetente.</span> 
     </span>
    </p>

    <p class='ocr_par' dir='ltr' id='par_1_19' title="bbox 152 4414 1473 4625">
     <span class='ocr_line' id='line_1_55' title="bbox 227 4414 1472 4493; baseline -0.003 -19"><span class='ocrx_word' id='word_1_550' title='bbox 227 4420 306 4475; x_wconf 85' lang='lat' dir='ltr'>ibid</span> <span class='ocrx_word' id='word_1_551' title='bbox 343 4428 374 4472; x_wconf 88' lang='lat' dir='ltr'>in</span> <span class='ocrx_word' id='word_1_552' title='bbox 392 4423 505 4485; x_wconf 77' lang='lat' dir='ltr'>ssibiime</span> <span class='ocrx_word' id='word_1_553' title='bbox 517 4414 625 4493; x_wconf 72' lang='lat' dir='ltr'>ferri]&#39;</span> <span class='ocrx_word' id='word_1_554' title='bbox 647 4423 694 4474; x_wconf 86' lang='lat' dir='ltr'>Sie</span> <span class='ocrx_word' id='word_1_555' title='bbox 715 4418 867 4473; x_wconf 85' lang='lat' dir='ltr'>Cratander</span> <span class='ocrx_word' id='word_1_556' title='bbox 885 4437 992 4491; x_wconf 85' lang='lat' dir='ltr'>quoqne</span> <span class='ocrx_word' id='word_1_557' title='bbox 1013 4418 1109 4474; x_wconf 85' lang='lat' dir='ltr'>edidit.</span> <span class='ocrx_word' id='word_1_558' title='bbox 1155 4422 1177 4473; x_wconf 79' lang='lat' dir='ltr'>A</span> <span class='ocrx_word' id='word_1_559' title='bbox 1205 4435 1299 4472; x_wconf 86' lang='lat' dir='ltr'>nostro</span> <span class='ocrx_word' id='word_1_560' title='bbox 1325 4434 1472 4485; x_wconf 69' lang='lat' dir='ltr'>manuscr..</span> 
     </span>
     <span class='ocr_line' id='line_1_56' title="bbox 152 4493 1473 4572; baseline -0.004 -21"><span class='ocrx_word' id='word_1_561' title='bbox 152 4503 224 4551; x_wconf 91' lang='lat' dir='ltr'>sicut</span> <span class='ocrx_word' id='word_1_562' title='bbox 238 4510 265 4549; x_wconf 91' lang='lat' dir='ltr'>et</span> <span class='ocrx_word' id='word_1_563' title='bbox 279 4497 490 4563; x_wconf 80' lang='lat' dir='ltr'>aManutianis‚</span> <span class='ocrx_word' id='word_1_564' title='bbox 509 4496 587 4555; x_wconf 81' lang='lat' dir='ltr'>abest</span> <span class='ocrx_word' id='word_1_565' title='bbox 605 4501 774 4572; x_wconf 78' lang='lat' dir='ltr'>praepositio</span> <span class='ocrx_word' id='word_1_566' title='bbox 794 4501 832 4548; x_wconf 87' lang='lat' dir='ltr'>in.</span> <span class='ocrx_word' id='word_1_567' title='bbox 863 4493 1016 4551; x_wconf 89' lang='lat' dir='ltr'>Lambinus</span> <span class='ocrx_word' id='word_1_568' title='bbox 1035 4499 1065 4550; x_wconf 92' lang='lat' dir='ltr'>in</span> <span class='ocrx_word' id='word_1_569' title='bbox 1084 4499 1141 4548; x_wconf 92' lang='lat' dir='ltr'>suis</span> <span class='ocrx_word' id='word_1_570' title='bbox 1162 4509 1303 4565; x_wconf 83' lang='lat' dir='ltr'>utramque</span> <span class='ocrx_word' id='word_1_571' title='bbox 1323 4494 1473 4548; x_wconf 88' lang='lat' dir='ltr'>lectionem</span> 
     </span>
     <span class='ocr_line' id='line_1_57' title="bbox 152 4588 263 4625; baseline -0.009 0"><span class='ocrx_word' id='word_1_572' title='bbox 152 4592 180 4625; x_wconf 91' lang='lat' dir='ltr'>rc</span> <span class='ocrx_word' id='word_1_573' title='bbox 200 4588 263 4624; x_wconf 85' lang='lat' dir='ltr'>eru.</span> 
     </span>
    </p>

    <p class='ocr_par' dir='ltr' id='par_1_20' title="bbox 149 4591 1471 4947">
     <span class='ocr_line' id='line_1_58' title="bbox 182 4591 1471 4718; baseline -0.005 -15"><span class='ocrx_word' id='word_1_574' title='bbox 182 4591 198 4644; x_wconf 67' lang='lat' dir='ltr'>p</span> <span class='ocrx_word' id='word_1_575' title='bbox 224 4647 248 4713; x_wconf 75' lang='lat'>§-</span> <span class='ocrx_word' id='word_1_576' title='bbox 269 4648 314 4704; x_wconf 70' lang='grc' dir='ltr'>ΙΙΙ.</span> <span class='ocrx_word' id='word_1_577' title='bbox 340 4665 423 4717; x_wconf 77' lang='lat' dir='ltr'>priam</span> <span class='ocrx_word' id='word_1_578' title='bbox 451 4651 562 4716; x_wconf 78' lang='lat' dir='ltr'>quisque</span> <span class='ocrx_word' id='word_1_579' title='bbox 587 4645 678 4718; x_wconf 84' lang='lat' dir='ltr'>noris]</span> <span class='ocrx_word' id='word_1_580' title='bbox 713 4644 837 4701; x_wconf 85' lang='lat' dir='ltr'>Graecus</span> <span class='ocrx_word' id='word_1_581' title='bbox 866 4644 958 4701; x_wconf 80' lang='lat' dir='ltr'>versus</span> <span class='ocrx_word' id='word_1_582' title='bbox 988 4659 1076 4697; x_wconf 84' lang='lat' dir='ltr'>exstat</span> <span class='ocrx_word' id='word_1_583' title='bbox 1104 4641 1175 4715; x_wconf 87' lang='lat' dir='ltr'>apud</span> <span class='ocrx_word' id='word_1_584' title='bbox 1202 4642 1416 4714; x_wconf 78' lang='lat' dir='ltr'>Aristophanem</span> <span class='ocrx_word' id='word_1_585' title='bbox 1441 4646 1471 4696; x_wconf 93' lang='lat' dir='ltr'>in</span> 
     </span>
     <span class='ocr_line' id='line_1_59' title="bbox 149 4714 1469 4794; baseline -0.008 -17"><span class='ocrx_word' id='word_1_586' title='bbox 149 4722 247 4794; x_wconf 71' lang='lat' dir='ltr'>l&#39;espis</span> <span class='ocrx_word' id='word_1_587' title='bbox 264 4724 344 4778; x_wconf 63' lang='lat'>1422.</span> <span class='ocrx_word' id='word_1_588' title='bbox 359 4717 441 4794; x_wconf 70' lang='lat' dir='ltr'>indos</span> <span class='ocrx_word' id='word_1_589' title='bbox 453 4741 513 4785; x_wconf 74' lang='lat' dir='ltr'>sss,</span> <span class='ocrx_word' id='word_1_590' title='bbox 532 4714 571 4794; x_wconf 70' lang='grc' dir='ltr'>ἦν</span> <span class='ocrx_word' id='word_1_591' title='bbox 583 4716 713 4785; x_wconf 79' lang='grc' dir='ltr'><em>ἕκαστος</em></span> <span class='ocrx_word' id='word_1_592' title='bbox 725 4718 813 4790; x_wconf 64' lang='grc' dir='ltr'><em>εἰδείη</em></span> <span class='ocrx_word' id='word_1_593' title='bbox 828 4718 954 4793; x_wconf 63' lang='lat' dir='ltr'>ripuar:</span> <span class='ocrx_word' id='word_1_594' title='bbox 975 4736 1029 4790; x_wconf 90' lang='lat' dir='ltr'>quo</span> <span class='ocrx_word' id='word_1_595' title='bbox 1044 4724 1194 4790; x_wconf 86' lang='lat' dir='ltr'>respiciens</span> <span class='ocrx_word' id='word_1_596' title='bbox 1210 4717 1308 4771; x_wconf 86' lang='lat' dir='ltr'>Cicero</span> <span class='ocrx_word' id='word_1_597' title='bbox 1323 4717 1412 4788; x_wconf 82' lang='lat' dir='ltr'>Epist.</span> <span class='ocrx_word' id='word_1_598' title='bbox 1425 4724 1469 4774; x_wconf 82' lang='lat'>10.</span> 
     </span>
     <span class='ocr_line' id='line_1_60' title="bbox 151 4791 1468 4869; baseline -0.008 -17"><span class='ocrx_word' id='word_1_599' title='bbox 151 4795 213 4852; x_wconf 65' lang='lat' dir='ltr'>iai.</span> <span class='ocrx_word' id='word_1_600' title='bbox 230 4799 258 4852; x_wconf 83' lang='lat'>5.</span> <span class='ocrx_word' id='word_1_601' title='bbox 283 4798 388 4849; x_wconf 73' lang='lat' dir='ltr'>Attin:</span> <span class='ocrx_word' id='word_1_602' title='bbox 420 4796 446 4847; x_wconf 87' lang='lat'><strong><em>0</em></strong></span> <span class='ocrx_word' id='word_1_603' title='bbox 464 4813 540 4863; x_wconf 79' lang='lat' dir='ltr'>rem,</span> <span class='ocrx_word' id='word_1_604' title='bbox 567 4799 674 4869; x_wconf 87' lang='lat' dir='ltr'>inquit,</span> <span class='ocrx_word' id='word_1_605' title='bbox 700 4799 812 4849; x_wconf 81' lang='lat' dir='ltr'>minime</span> <span class='ocrx_word' id='word_1_606' title='bbox 837 4803 935 4864; x_wconf 86' lang='lat' dir='ltr'>aptam</span> <span class='ocrx_word' id='word_1_607' title='bbox 960 4798 1028 4847; x_wconf 86' lang='lat' dir='ltr'>meis</span> <span class='ocrx_word' id='word_1_608' title='bbox 1052 4793 1194 4846; x_wconf 86' lang='lat' dir='ltr'>moribus!</span> <span class='ocrx_word' id='word_1_609' title='bbox 1222 4811 1239 4846; x_wconf 92' lang='lat' dir='ltr'>o</span> <span class='ocrx_word' id='word_1_610' title='bbox 1266 4791 1337 4845; x_wconf 79' lang='lat' dir='ltr'>iliud</span> <span class='ocrx_word' id='word_1_611' title='bbox 1360 4808 1468 4858; x_wconf 75' lang='lat' dir='ltr'>versem,</span> 
     </span>
     <span class='ocr_line' id='line_1_61' title="bbox 153 4867 1116 4947; baseline -0.007 -17"><span class='ocrx_word' id='word_1_612' title='bbox 153 4867 234 4947; x_wconf 67' lang='grc' dir='ltr'><strong><em>’ἕρδοι</em></strong></span> <span class='ocrx_word' id='word_1_613' title='bbox 252 4872 317 4935; x_wconf 68' lang='grc' dir='ltr'>τις]</span> <span class='ocrx_word' id='word_1_614' title='bbox 947 4886 952 4890; x_wconf 94' lang='grc'><em>·</em></span> <span class='ocrx_word' id='word_1_615' title='bbox 1110 4871 1116 4885; x_wconf 88' lang='grc'><em>’</em></span> 
     </span>
    </p>
   </div>
   <div class='ocr_carea' id='block_1_5' title="bbox 0 0 1696 5359">
    <p class='ocr_par' dir='ltr' id='par_1_21' title="bbox 0 0 1696 5359">
     <span class='ocr_line' id='line_1_62' title="bbox 0 0 1696 5359; baseline 0 3"><span class='ocrx_word' id='word_1_616' title='bbox 0 0 1696 5359; x_wconf 95' lang='lat' dir='ltr'> </span> 
     </span>
    </p>
   </div>
  </div>
 </body>
</html>
