3384 5359
603 284 712 372 enit.
737 306 801 371 vt.
847 299 888 371 ο.
912 307 946 370 e.
969 306 1002 370 t.
1400 309 1461 374 tm

120 445 289 534 quoniam
312 445 475 532 pecuniam
498 445 691 523 contemnis,
724 457 755 511 et
776 457 882 525 reete,
913 448 981 528 (est
1002 445 1082 510 enirn
1105 451 1145 512 ad
1167 446 1257 533 vulgi
1277 448 1461 532 opinionem
1555 468 1559 481 “

120 541 327 617 mediocria
357 543 397 603 ad
418 552 521 617 tuam,
546 541 650 618 nulla;
674 544 713 605 ad
735 563 854 617 meam,
879 531 1044 622 modicat)
1067 545 1106 606 de
1128 564 1177 606 me
1200 542 1382 613 sileboatle
1403 547 1462 608 re¹

120 636 269 721 loquar.
321 637 374 700 ts.
409 635 444 699 Si
465 638 620 699 censenda
642 635 734 700 nobis
758 649 852 719 atque
874 635 1064 698 aestimanda
1086 657 1138 699 res
1161 636 1233 709 sit2,
1265 647 1368 700 utrum
1392 650 1461 701 tan·

124 733 210 794 dem
240 730 340 813 pluris
367 729 592 795 aestimetuus³
621 730 787 812 pecuniam
811 728 948 810 Pyrrhi,
983 752 1075 812 quam
1098 718 1250 795 Fabricio
1274 731 1386 806 dabat,
1421 755 1461 795 an

125 824 363 888 continentiam
385 824 543 902 Fabricii,
577 825 633 910 qui
661 824 745 887 illam
775 824 940 906 pecuniam
968 826 1179 905 repudiabat?
1215 841 1320 891 utrum
1350 848 1460 889 aurum

126 918 346 997 Samnitumi,
379 940 418 982 an
440 940 627 1003 responsum
651 919 700 983 Μ’
724 916 839 982 Curii?
875 918 1080 981 hereditatem
1103 920 1147 982 L.
1170 910 1358 996 Paullisan
1381 921 1462 983 libe·

124 1013 294 1076 ralitatem
315 1011 481 1088 Africani,¹
512 1013 567 1097 qui
589 1014 656 1076 eius
679 1010 859 1075 hereditatis
883 1010 925 1092 Q.
951 1010 1095 1077 Maximo
1116 1014 1208 1077 fratri
1230 1027 1351 1098 partem
1373 1034 1459 1077 suam

126 1106 325 1170 concessit?
367 1109 461 1171 Haeo
491 1109 661 1190 profecto,
700 1126 781 1188 quae
817 1115 889 1166 sunt
924 1125 1115 1168 summarum
1152 1108 1322 1187 virtutum,
1361 1108 1460 1191 pluris
1574 1124 1579 1139 ¹

127 1199 348 1263 aestimauda⁵
369 1212 460 1277 snut,
485 1221 578 1284 quam
598 1201 669 1275 illa,
695 1220 775 1284 quae
798 1209 870 1260 sunt
891 1198 1053 1279 pecuniae.
1099 1199 1179 1281 Quis
1202 1203 1300 1287 igitur
1322 1203 1367 1283 (si
1391 1200 1469 1285 quiq

128 1298 226 1368 dem,
260 1292 470 1379 utquisque,
505 1298 592 1379 qnod
620 1293 748 1377 plunimi
774 1290 846 1365 sit⁶,
881 1291 1058 1373 possideat,
1093 1293 1139 1357 ita·
1158 1296 1380 1359 divitissimus⁷
1403 1298 1459 1357 ha-

33 1422 35 1431 ,
127 1387 259 1450 bendus
280 1388 341 1467 sit)
363 1387 504 1461 dubitet,
528 1389 604 1473 quin
625 1388 656 1451 in
678 1389 797 1451 virtute
820 1387 946 1450 divitiae
968 1387 1079 1450 sinti?
1107 1390 1254 1472 qnoniam
1277 1390 1361 1452 nulla
1383 1410 1460 1470 pos·

128 1481 260 1558 sessio,
285 1483 368 1545 nulla
393 1481 439 1545 vis
461 1482 531 1545 auri
553 1494 584 1546 et
607 1483 748 1568 argenti,
772 1482 892 1564 pluris,
924 1472 1016 1566 quam
1041 1483 1161 1560 virtus,
1186 1485 1376 1549 aestimanda
1399 1496 1460 1546 est.

128 1575 204 1640 111.
242 1576 295 1640 ia.
329 1574 437 1642 ODii
459 1576 669 1641 immortales!
708 1598 772 1642 non
794 1576 974 1661 intelligunt
996 1576 1161 1652 homines,
1195 1600 1288 1664 qnam
1312 1572 1458 1662 magnum

128 1669 276 1755 vectigal
309 1669 348 1734 sit
373 1671 588 1752 parsimonia.
630 1669 739 1733 Venio
772 1670 854 1733 enim
874 1669 947 1731 iam
980 1672 1021 1733 ad
1048 1683 1270 1752 sumptuosos:
1308 1672 1457 1756 relinquo

127 1762 230 1826 istum
261 1775 496 1848 quaestuosum.
541 1763 638 1845 Capit
666 1764 719 1827 ille
741 1784 783 1827 ex
804 1762 895 1825 suis⁹
917 1762 1054 1845 praediis
1081 1778 1231 1828 sexcenta
1244 1768 1267 1807 ¹⁰
1296 1766 1460 1841 sestertia;

129 1877 201 1940 ego
224 1871 354 1920 centena
376 1880 418 1922 en
440 1858 535 1922 meis:
569 1858 635 1934 illi,
668 1868 779 1920 aurata
802 1869 883 1919 teeta
906 1854 939 1918 in
962 1857 1045 1919 villis
1066 1867 1099 1919 et
1120 1858 1227 1921 sola¹¹
1250 1862 1460 1923 marmorea¹2

127 1949 265 2015 facienti
277 1953 318 2026 ¹³,
350 1953 415 2016 et¹⁴
437 1951 545 2037 signa,
578 1952 719 2027 tabulas,
750 1951 978 2034 supellectilem
1009 1951 1074 2013 et¹⁵
1099 1965 1216 2016 vestem
1239 1952 1359 2016 infinite
1381 1968 1459 2017 eon-

130 2043 327 2125 cupiscenti‚
367 2066 430 2110 non
461 2048 557 2109 modo
587 2048 627 2109 ad
654 2057 811 2127 sumptum
840 2044 895 2108 ille
926 2054 974 2106 est
1002 2043 1174 2120 sructmii,
1212 2049 1268 2109 sed
1300 2047 1391 2110 etiam
1421 2048 1459 2108 atl

129 2137 247 2214 Lentu,
282 2138 430 2224 exiguus.
475 2140 529 2202 Ex
551 2161 622 2204 tneo
645 2139 730 2202 tenui
754 2138 921 2222 vectigali,
957 2138 1103 2201 detractis
1132 2139 1308 2222 sumptibus
1338 2139 1459 2221 eupidi-

130 2233 257 2310 tatis¹⁷,
282 2232 402 2317 aliquid
423 2233 516 2296 etiam
539 2234 736 2296 redundabit.
782 2234 864 2295 Uter
884 2231 1051 2316 igiturest
1074 2231 1205 2297 divitior
1216 2234 1252 2309 ¹⁸,
1282 2231 1332 2296 eui
1355 2235 1453 2309 deest,

131 2348 173 2391 att
197 2326 248 2390 cui
269 2326 421 2408 superat?
454 2327 509 2413 qui
532 2339 624 2412 eget,
657 2349 695 2388 au
718 2325 772 2411 qui
795 2322 957 2388 abundat?
990 2324 1118 2388 euius¹⁹
1140 2326 1300 2408 possessio
1323 2349 1387 2410 quo
1410 2338 1460 2390 est

131 2422 254 2498 maior,
289 2441 328 2486 eo
357 2422 429 2502 plus
459 2421 592 2506 requirit
622 2422 661 2483 ad
689 2441 723 2483 se
753 2421 955 2483 tuendam²⁰t
993 2441 1031 2482 an
1054 2434 1134 2503 'quae
1157 2420 1221 2483 suis
1240 2442 1277 2484 se
1300 2420 1458 2484 viribus²¹

131 2512 292 2579 sustinet?
334 2516 387 2578 50.
422 2517 489 2578 Sed
510 2515 584 2599 quid
607 2535 669 2598 ego
691 2515 730 2576 de
752 2534 801 2575 nte
822 2514 961 2597 loquor,
994 2514 1050 2597 qtti
1074 2535 1195 2576 tuorum
1219 2536 1258 2577 ae
1279 2526 1458 2596 temporum

132 2607 216 2673 vitio
246 2607 435 2690 aliquantum
449 2610 477 2650 ²²
507 2610 638 2672 etiam⁹³
667 2607 735 2690 ipse
767 2608 905 2670 fortasse
934 2604 967 2668 in
995 2606 1088 2669 buius
1116 2607 1214 2672 seculi
1244 2629 1355 2671 errore
1383 2629 1458 2671 rer·
1513 2639 1519 2658 r

133 2701 246 2767 set-²¹⁸?
288 2702 338 2766 Μ’
361 2701 512 2767 Manilius
534 2715 658 2786 patrum
681 2713 865 2765 nostrorum
888 2701 1038 2764 memoria
1063 2704 1115 2780 (ne
1138 2725 1263 2785 semper
1286 2703 1404 2768 Curios
1425 2715 1457 2766 et

133 2795 296 2860 Luscinos
310 2797 339 2836 ²⁵
368 2788 550 2881 loquamur)
578 2817 701 2879 pauper
730 2796 853 2858 tandem
882 2792 954 2856 suit.
1000 2795 1120 2858 Habuit
1144 2797 1226 2859 enim
1249 2797 1404 2861 aediculas
1426 2798 1458 2860 in

136 2888 283 2964 Carinis,
321 2898 354 2952 et
383 2890 515 2971 fundum
548 2888 580 2951 in
615 2886 778 2951 Labicano
794 2886 834 2948 ²⁶.
879 2888 949 2952 Nos
981 2886 1080 2972 igitur
1091 2890 1120 2930 ²⁷
1153 2889 1362 2967 divitiores²⁸,
1402 2889 1458 2975 qui

134 2982 229 3066 plura
260 2982 441 3047 habemus?
483 2983 611 3049 Utinam
645 2981 768 3066 quidem
779 2980 825 3042 ²⁹!
871 2979 933 3043 Sed
969 3001 1034 3044 non
1072 2983 1288 3048 aestimatione
1323 3004 1455 3060 census,

212 3143 250 3211 (¹)
269 3141 317 3196 Sic
336 3141 368 3195 B.
388 3160 415 3214 p.
435 3145 469 3195 V.
489 3146 516 3200 5.
537 3141 616 3214 Seqq.
641 3170 680 3183 —
704 3138 739 3192 de
758 3149 787 3193 te
806 3140 868 3193 Bet.
890 3138 943 3193 Gu.
963 3154 988 3190 a.
1008 3140 1052 3193 Cr.
1073 3140 1115 3192 M.
1134 3141 1193 3193 Mn.
1214 3142 1245 3194 L.
1267 3142 1297 3195 P.
1345 3142 1382 3210 (²)
1409 3140 1459 3196 Sie

137 3214 209 3273 Cdtl.
238 3222 301 3271 mei.
330 3217 377 3272 Cr.
396 3218 438 3270 M.
458 3217 517 3270 Ma.
537 3222 563 3277 5.
585 3226 610 3274 1.
630 3223 656 3272 2.
677 3217 712 3272 Ν.
736 3238 775 3274 =
800 3220 826 3267 si
855 3233 927 3267 cans.
954 3212 1036 3266 uobis
1060 3221 1099 3266 sii
1118 3224 1200 3285 atque
1219 3224 1289 3268 aest.
1308 3234 1355 3268 res
1374 3234 1401 3290 p.
1421 3246 1459 3263 .-

138 3311 194 3349 om.
218 3299 257 3345 sit
283 3294 316 3347 V.
341 3294 374 3346 P.
417 3294 472 3346 Pro
496 3297 535 3344 sit
559 3308 597 3345 so
621 3301 664 3344 est
683 3292 720 3346 t..
745 3293 781 3346 G.
826 3292 948 3344 Praestat
976 3305 1066 3342 tamen
1093 3296 1285 3345 coniunctium
1321 3296 1350 3345 in
1386 3298 1470 3346 eius.

137 3367 214 3423 modi
243 3372 432 3421 aestimatione
458 3366 577 3436 exempli
605 3382 712 3422 tantum
741 3381 823 3420 eautt
849 3379 1012 3418 memorata.
1059 3362 1097 3437 (³)
1125 3394 1160 3407 -
1185 3367 1394 3419 aestimabimus
1412 3371 1458 3437 Cr.

33 3516 34 3521 1
138 3445 183 3503 Μ.
202 3443 261 3497 Ma.
280 3442 311 3497 L.
330 3445 361 3498 P.
407 3444 444 3511 (⁴)
468 3461 506 3497 =
524 3443 692 3495 Samnitium
710 3442 742 3495 L.
761 3444 792 3496 P.
838 3438 876 3514 (ὅ)
899 3469 936 3482 -
955 3438 1022 3489 hoec
1038 3437 1171 3511 profecto
1193 3459 1364 3495 stuntnorum
1388 3446 1457 3497 virt.

137 3523 232 3593 potius
257 3529 326 3573 aest.
351 3522 414 3574 Bat.
440 3520 495 3573 Gn.
540 3517 579 3586 (ὅ)
607 3548 645 3561 -
660 3516 705 3589 fit
728 3518 783 3571 Gu.
831 3517 868 3583 (⁷)
899 3514 946 3568 Sic
973 3511 1042 3567 Cdd.
1069 3515 1133 3585 aliq.
1155 3518 1185 3570 V.
1208 3517 1293 3591 Laug.
1314 3521 1344 3574 P.
1365 3517 1401 3570 G.
1420 3537 1459 3571 =

140 3595 293 3647 ditissimus
312 3597 343 3649 B.
362 3595 425 3648 Bat.
444 3612 473 3666 p.
492 3593 539 3646 Cr.
566 3594 607 3647 M.
634 3596 693 3648 Mt.
718 3596 745 3651 ὅ.
772 3601 798 3649 1.
823 3595 852 3646 2.
879 3591 914 3645 N.
946 3586 1002 3664 (z
1026 3594 1065 3640 sit
1088 3589 1151 3643 ltab.
1178 3593 1233 3647 Gn.
1259 3592 1311 3667 E.)
1353 3591 1394 3671 (⁸)
1420 3621 1459 3635 -

141 3669 199 3722 div.
221 3675 331 3740 positae
355 3687 378 3722 a.
398 3670 471 3726 011.
492 3668 539 3721 Cr.
560 3669 600 3723 M.
621 3670 679 3724 Me.
705 3668 738 3721 L.
762 3668 797 3721 it.
841 3664 880 3740 (⁹)
906 3695 941 3707 -
968 3681 1022 3717 om.
1051 3671 1110 3717 suis
1130 3669 1159 3720 P.
1205 3666 1254 3742 (111)
1278 3684 1317 3723 ω
1338 3685 1459 3721 sexcena

142 3742 226 3799 Aldus
245 3746 347 3818 Nepos.
365 3742 464 3818 probb,
485 3743 590 3798 Gernh.
609 3761 636 3797 et
656 3745 741 3809 Borg.
761 3742 865 3797 Placet.
904 3740 954 3807 (¹¹)
979 3768 1019 3781 -
1036 3741 1145 3793 solaria
1164 3742 1196 3796 B.
1241 3742 1291 3818 (¹2)
1317 3773 1353 3785 -
1376 3761 1459 3794 mar-

141 3838 217 3871 more
241 3822 304 3874 Bet.
325 3819 395 3881 031.
422 3836 450 3893 p.
470 3822 591 3875 Gronov.
617 3817 752 3872 Diatrihe
776 3837 803 3889 p·
823 3821 888 3878 595.
918 3813 1014 3868 Hand.
1059 3814 1110 3891 (11)
1130 3845 1167 3859 -
1187 3834 1243 3873 ont.
1260 3818 1390 3890 Jbeieuti
1408 3816 1458 3871 cd.

143 3912 168 3949 a.
191 3892 220 3950 d.
245 3895 351 3949 Ursini.
376 3893 476 3968 probb.
499 3894 567 3948 Em.
592 3894 755 3957 Wetzelio‚
785 3889 905 3946 Handio.
952 3892 1037 3944 Recte
1063 3890 1184 3947 defendit
1213 3893 1333 3954 Gernh.;
1365 3897 1459 3947 omitti

142 3974 238 4042 nequit
262 3976 424 4044 praesentim
452 3985 563 4043 propter
587 3989 613 4024 v.
637 3975 669 4020 in
692 3968 780 4021 villeir.
825 3966 877 4042 (11)
903 3993 940 4008 ·-
960 3982 1016 4020 om.
1036 3975 1064 4019 et
1084 3969 1113 4021 L.
1165 3965 1215 4041 (¹⁵)
1248 3996 1284 4010 -
1305 3985 1360 4022 otn.
1380 3975 1409 4019 et
1427 3969 1459 4022 i.

43 4102 48 4111 .
144 4043 194 4112 (ti)
212 4045 260 4098 spe
279 4044 349 4103 cul,
368 4044 441 4100 ΛΜ(
461 4045 492 4097 1..
513 4047 545 4099 P.
566 4052 592 4102 ι,
611 4051 639 4101 2.
659 4044 695 4099 G.
715 4043 751 4099 N.
777 4061 815 4097 τ.
839 4041 880 4093 ad
901 4050 1041 4112 semiplum
1066 4044 1112 4095 ille
1130 4040 1252 4114 fruetus
1276 4051 1319 4094 est
1337 4044 1378 4099 M.
1400 4045 1457 4097 Ma.

70 4124 72 4129 ’
144 4135 181 4174 oe
203 4138 259 4172 non
282 4120 364 4173 inodo
380 4117 502 4191 fruetus
525 4121 572 4173 ille
599 4119 640 4171 ad
662 4126 787 4190 tttmptus
811 4137 826 4171 e
846 4133 888 4170 vt.
907 4117 1010 4190 Botg.·
1039 4121 1126 4191 Aegre
1153 4133 1245 4172 tamen
1270 4116 1458 4173 desideramus
1526 4110 1529 4117 ’

50 4202 59 4225 ¹
144 4195 255 4249 verbnm
283 4194 492 4249 subtantiam.
519 4224 558 4238 ·-
585 4212 649 4247 nom
669 4194 751 4247 modo
780 4192 820 4244 ad
833 4190 968 4263 fructum
996 4190 1043 4243 itte
1071 4201 1116 4244 est
1147 4194 1273 4265 sumpno
1301 4199 1369 4249 tatia
1397 4212 1460 4268 per·
1547 4242 1551 4249 .

144 4287 218 4325 verte
237 4273 267 4325 Β.
287 4273 350 4333 Bu.
372 4272 425 4325 Gt't.
444 4288 508 4324 enm
528 4267 596 4326 cdd.
616 4268 763 4343 plerisque.
783 4287 811 4342 p.
831 4283 857 4322 a.
875 4270 921 4322 Cr.
942 4266 974 4318 V.
995 4267 1077 4322 Grut.
1097 4273 1124 4327 3.
1168 4266 1220 4343 (¹⁷)
1247 4297 1282 4312 -
1302 4287 1359 4323 om.
1378 4276 1460 4342 cupi·

145 4346 241 4400 dt‘tait‘s
259 4346 290 4400 P.
334 4347 386 4414 (¹⁸)
408 4345 455 4399 Sle
475 4344 544 4401 edd
564 4346 629 4415 aliq.
650 4348 684 4398 V.
704 4347 735 4399 t..
755 4347 785 4400 P.
804 4346 841 4397 G.
860 4343 895 4396 N.
915 4358 953 4407 .-;
973 4337 1060 4394 ditior
1080 4345 1111 4397 Β.
1132 4344 1195 4397 Bas.
1216 4343 1272 4399 Gu.
1290 4363 1318 4418 p.
1338 4346 1380 4399 M.
1399 4345 1459 4409 Ma.

145 4426 173 4483 5.
191 4430 215 4478 1.
236 4427 263 4476 2.
278 4422 366 4495 Borg.
403 4417 455 4494 (¹⁹)
475 4448 510 4464 «-
530 4426 574 4473 cui
593 4421 657 4473 Bas.
677 4420 731 4474 Gu.
750 4419 784 4473 E.
803 4433 828 4472 a.
874 4413 924 4490 (10)
949 4442 985 4456 ·-
1004 4417 1135 4470 tuendum
1154 4420 1184 4472 P.
1223 4420 1274 4487 (²¹)
1298 4448 1337 4463 -
1353 4424 1411 4473 vir.
1429 4437 1459 4470 sc

145 4498 177 4553 B.
194 4497 256 4551 Bet.
276 4496 308 4550 li.
355 4494 406 4571 (Β)
433 4511 472 4550 ω
489 4495 690 4567 aliqttoutulwn
715 4496 747 4548 B.
766 4496 831 4547 Bae.
852 4494 907 4547 Gu.
956 4487 1007 4566 (2³)
1035 4522 1074 4535 ·-
1092 4511 1147 4548 om.
1167 4500 1252 4545 ettam
1271 4494 1303 4547 B.
1347 4494 1397 4562 (24)
1422 4522 1459 4536 -

146 4589 239 4625 versor
264 4572 297 4626 Β.
323 4572 387 4626 Btt.
438 4570 489 4636 (²⁵)
520 4600 558 4613 —
575 4571 720 4624 luscinios
744 4585 840 4642 margo
866 4569 913 4620 Cr.
937 4567 969 4620 V.
994 4569 1035 4624 M.
1055 4569 1114 4622 Ma.
1146 4597 1184 4610 —
1202 4569 1337 4622 Tuscims
1354 4570 1385 4623 L.
1406 4586 1459 4623 err.

147 4663 287 4789 (Qum
300 4644 419 4791 ((2ὼῖ
427 4645 581 4794 (Ῑξῖζιιξὲηὲ
594 4643 867 4794 gIltiliibiitfniw).
878 4658 1026 4773 siislMdr?
1034 4645 1126 4785 {iiiiii
1144 4662 1262 4793 (ii-fils·
1272 4642 1458 4777 'L‘U'P-dbssll.

148 4797 181 4852 G.
199 4799 234 4851 N.
258 4814 297 4850 =
315 4797 434 4850 ditiores
453 4797 556 4851 Ceteri.
583 4825 619 4839 -
639 4796 756 4849 ditiores
773 4810 869 4847 sumus
886 4811 901 4847 e
920 4792 1002 4866 glou.
1022 4796 1084 4849 Bat.
1099 4794 1161 4849 'Gu
1181 4809 1206 4847 n.
1253 4791 1304 4869 (19)
1332 4822 1370 4839 -·
1387 4812 1413 4848 u.
1434 4812 1459 4865 q.

148 4884 295 4926 aasentias
313 4871 397 4946 glou.
416 4872 463 4928 Cr.
483 4872 524 4928 M.
538 4872 603 4928 *nte
946 4878 959 4895 ⁹
