3384 5359
676 245 769 374 Liri.
794 311 842 376 it.
888 309 931 376 C.
955 312 1007 373 ti.

153 450 263 534 Etiam
285 449 315 515 si
336 450 522 532 Eurypylus
544 454 697 534 posset¹,
717 471 782 568 trop
804 463 919 535 posset
945 451 1116 558 Aesopusf

386 617 390 624 ι
458 582 501 645 Ε.
529 582 593 646 Ubi
605 581 767 674 fortttno
790 583 953 650 Hectoris

245 678 418 744 Nostram
438 677 578 740 ocrem²
603 676 712 739 aciem
729 677 942 742 inclinatam.
989 722 999 743 .
1044 717 1061 742 ..

157 822 190 874 et
199 821 305 872 cetera
317 792 456 891 explicat
467 807 499 870 in
513 808 639 872 dolore.
683 808 737 871 Sic
748 820 797 872 est
808 810 890 874 enirn
901 809 1114 894 intemperans
1125 809 1267 875 militaris
1280 807 1398 882 insorti
1412 811 1483 877 viro

157 904 278 988 gloria.
301 905 394 987 Ergo
403 904 483 964 haec
494 901 758 966 veteranusmilcs
769 901 877 966 facere
888 903 1019 985 poterit,
1033 907 1148 967 doctus
1160 906 1209 967 vir
1221 904 1411 987 sapiensque
1424 927 1487 968 nou

156 997 323 1081 poterit³?
339 996 487 1060 Illevero
501 993 629 1072 melius,
648 1016 686 1058 ac
697 1016 760 1060 uou
774 996 885 1077 paullo
901 998 1039 1081 quidem.
1056 999 1115 1062 lto.
1134 1001 1199 1062 Sed
1210 1001 1248 1062 de
1260 999 1486 1063 consuetudine

159 1092 284 1182 pdhttc⁴
297 1089 554 1154 exercitationis⁵
576 1081 711 1174 ldquor:
735 1092 873 1153 nondum
890 1093 927 1154 de
947 1091 1070 1155 ratione
1087 1105 1118 1156 et
1136 1092 1299 1176 sapientia.
1335 1092 1491 1156 Aniculae

157 1183 534 1267 saepeinediambiduum
545 1183 1237 1249 atttuiduumierunt.Subduccihumunuu
1248 1187 1326 1249 dicm
1337 1187 1488 1249 athletae:

156 1279 273 1342 Iovem
290 1276 504 1359 Olympium⁷,
532 1297 602 1342 eum
620 1276 744 1359 ipsum,
769 1277 820 1342 cui
838 1299 872 1341 sc
891 1277 1075 1356 exercebit,
1097 1278 1297 1362 implorabit:
1320 1280 1407 1344 serre
1423 1302 1488 1344 non

155 1372 278 1454 posse⁸
300 1370 459 1435 clamabit.
504 1369 754 1454 Copsnetudinis
769 1363 891 1456 ¹magna
913 1372 962 1436 vii
988 1385 1049 1436 est.
1094 1375 1296 1438 Pcruoctant
1317 1367 1488 1452 senatores

156 1467 192 1530 iu
216 1465 309 1530 nive:
332 1464 364 1528 iu
387 1465 548 1530 montibus
571 1466 640 1529 uri⁹
661 1489 695 1530 sc
717 1465 896 1549 patiuntur.
939 1468 1054 1531 Inde¹⁰
1077 1468 1221 1554 pugiles,
1245 1467 1383 1530 cestibus
1409 1488 1488 1530 con·

100 1639 105 1642 ,
158 1561 245 1634 tusi,
279 1582 317 1623 ne
337 1559 549 1644 ingemiscunt
567 1561 705 1645 quidem.
762 1563 815 1624 tt.
840 1562 903 1624 Sed
920 1561 996 1647 quid
1013 1562 1091 1637 bos,
1128 1561 1244 1645 quibua
1263 1560 1487 1644 Olympiorum

157 1657 296 1718 victoria
325 1655 508 1718 consulatus
537 1654 590 1718 illc
619 1655 767 1740 antiquus
800 1654 991 1728 videtur¹¹?
1028 1655 1247 1731 Gladiatores,
1286 1668 1338 1719 aut
1371 1650 1488 1737 perditi
1564 1644 1568 1652 ’

157 1748 324 1823 homines,
348 1758 401 1810 atri
422 1746 568 1824 barbari,
593 1770 671 1833 quas
692 1750 804 1834 plagas
823 1749 1010 1831 perierunt!
1035 1770 1100 1836 quo
1124 1752 1219 1814 modo
1241 1748 1309 1827 illi,
1334 1749 1395 1834 qui'
1408 1751 1488 1814 hene

157 1840 296 1906 instituti
318 1854 407 1918 sunt,
438 1840 584 1922 accipere
618 1843 744 1928 plagam
772 1844 910 1918 malunt,
945 1864 1039 1927 quana
1064 1842 1203 1926 turpiter
1233 1842 1355 1906 vitare!
1393 1864 1488 1928 quum

157 1953 255 2016 saepe
277 1935 411 2017 apparet
439 1935 514 1997 nihil
538 1939 594 1998 chs
617 1937 730 2012 malle,
763 1958 857 2022 quam
883 1936 936 2000 vel
958 1936 1088 2001 domiuo
1111 1937 1313 2011 satisfacere,
1349 1936 1401 1998 vel
1426 1956 1488 2017 po-

156 2029 256 2111 pulo!
278 2027 416 2094 Mittunt
438 2030 530 2091 etiam
551 2029 735 2093 vulneribus
756 2030 897 2093 conlecti
918 2032 958 2093 ad
980 2030 1145 2105 dominos,
1170 2030 1225 2116 qui
1240 2039 1393 2112 quaerant
1411 2027 1489 2112 quid

158 2122 279 2188 velint:
302 2123 330 2186 si
350 2122 425 2186 satis
445 2122 485 2185 iis
507 2123 626 2186 lactum
649 2126 749 2188 nou¹²
771 2123 831 2199 sit,
855 2144 889 2186 se
909 2124 991 2186 velle
1017 2126 1217 2187 decumbere.
1262 2122 1343 2203 Quis
1366 2121 1488 2183 medio·
1553 2205 1556 2212 Ι

158 2216 225 2280 eris
248 2216 406 2302 gladiator
427 2216 605 2300 ingemuit?
627 2218 699 2301 quis
725 2219 843 2280 vultum
868 2216 1001 2280 mutavit
1022 2216 1184 2302 unquam?
1207 2215 1279 2302 quis
1303 2236 1365 2279 non
1388 2216 1487 2300 modo
1564 2203 1567 2224 ⁸

157 2310 265 2387 stetit,
291 2332 403 2374 verum
426 2312 518 2375 etiam
540 2310 695 2374 decubuit
704 2309 865 2393 turpiter?
886 2309 976 2395 quis,
1003 2333 1099 2396 qutun
1116 2311 1337 2387 decubuisset,
1362 2309 1484 2372 serrum

158 2453 1521 2496 ’·-·-·--·---···-·-···-·-·-·--.--·.-·-----·--·-·,

158 2539 240 2595 nullo
258 2540 367 2614 ploratu
386 2541 479 2596 edito:
499 2547 646 2596 miteretur
665 2546 755 2595 saucit
775 2546 860 2595 amici
880 2546 1003 2616 primum
1016 2541 1177 2622 Patrocles,
1195 2541 1364 2613 longumque
1383 2541 1491 2600 luctum

159 2621 327 2671 continuat:
347 2617 506 2676 consolatur
526 2636 588 2674 eum
605 2618 762 2692 Eurypylus
782 2621 863 2691 ipse,
883 2615 973 2669 verbis
993 2622 1040 2687 qui
1058 2647 1078 2659 -
1096 2646 1114 2658 -
1128 2635 1245 2687 parerat
1271 2615 1370 2687 quibua
1390 2615 1492 2670 confir-

159 2707 255 2746 rnaun
281 2693 442 2760 Patrocles,
473 2693 592 2748 vulneris
617 2690 759 2766 obligandi
779 2697 835 2746 iam
855 2692 940 2745 veluti
959 2689 1149 2756 obliviscitur,
1179 2695 1318 2764 petitque,
1345 2709 1373 2746 at
1395 2708 1491 2756 narret

158 2767 221 2836 sihi,
236 2768 401 2839 Argivorum
441 2768 567 2824 roelium.
617 2768 689 2820 Tum
708 2767 879 2841 Eurypylus:
912 2768 1001 2833 „Non
1016 2773 1096 2838 potis
1113 2798 1132 2808 -
1152 2798 1171 2809 -
1190 2767 1315 2818 laboris:
1347 2781 1376 2820 at
1396 2766 1489 2822 desine

160 2842 322 2918 paullisper,
342 2847 365 2896 si
384 2788 510 2910 vitietur,
537 2861 582 2896 me
602 2847 793 2914 interrogare,
811 2843 963 2913 vulnusque
982 2857 1046 2895 aute
1066 2846 1161 2895 omnia
1180 2859 1273 2894 meum
1293 2841 1394 2914 alligem
1425 2861 1491 2897 moa

93 2963 96 2968 .
159 2935 276 2972 omnem
294 2936 354 2971 rem
373 2919 425 2972 tibi
444 2919 588 2973 enarrabo.
637 2917 723 2989 Quod
741 2915 807 2972 dum
826 2917 873 2983 fit,
898 2918 1010 2991 longam
1029 2923 1085 2971 iam
1106 2921 1196 2993 ῥῆσιν
1219 2918 1272 2971 Ubi
1289 2949 1308 2962 -
1327 2950 1346 2960 -
1365 2919 1491 2982 inclinato,

159 3004 224 3048 tam
252 2993 345 3048 medio
371 2999 400 3047 ln
425 2993 521 3048 dolore
549 2998 668 3060 recitat,
697 3008 800 3066 quam,
824 2999 916 3065 inquit
942 3000 1057 3060 Cicero,
1086 3001 1195 3066 poterat
1216 2997 1298 3066 polita
1317 2999 1377 3046 aine
1396 2999 1507 3067 repre-¹

158 3070 296 3124 besarione
316 3069 436 3124 tribuere
455 3086 582 3124 veterano
602 3068 770 3131 fortissimo;
801 3089 859 3122 non
880 3074 947 3124 item
967 3070 1106 3141 Aesopus,
1140 3068 1224 3121 homo
1243 3069 1318 3122 bello
1338 3086 1394 3122 non
1415 3088 1492 3130 eser·
1515 3082 1517 3086 '

158 3151 279 3211 citatus,
312 3162 403 3218 posset
430 3144 566 3218 prolerre,
598 3150 656 3217 ipse
686 3150 709 3198 si
736 3161 807 3199 esset
833 3150 984 3198 sauciatus.
1021 3142 1063 3198 ad
1089 3163 1114 3198 v.
1130 3152 1227 3215 posset
1246 3145 1375 3215 Aesopus
1394 3145 1490 3221 supple

141 3224 144 3230 ’
159 3226 263 3295 igitur:
284 3229 342 3272 tom
354 3220 481 3293 sortiter
499 3239 622 3273 narrare
638 3221 741 3291 proelii
759 3221 974 3273 vicissitudines.

238 3295 279 3370 (¹)
304 3321 341 3339 ·-
365 3302 451 3348 etiam
478 3302 504 3348 si
534 3296 568 3350 E.
597 3314 654 3348 non
678 3303 793 3367 posset,
822 3305 919 3368 posset
948 3298 1000 3348 As.
1028 3298 1112 3350 Pauci
1145 3291 1214 3349 Cdd.
1250 3300 1317 3348 satis
1345 3312 1490 3368 perverse,

160 3387 331 3447 quamquam
358 3373 438 3444 prob.
464 3372 594 3425 Turuelto
625 3371 701 3426 Ado.
727 3375 764 3437 lt,
793 3379 838 3432 18.
876 3373 950 3425 Mire
974 3375 1057 3425 etiarn
1089 3370 1155 3428 sch.
1185 3389 1230 3434 „u
1258 3376 1344 3421 etiam
1369 3377 1395 3422 si
1422 3402 1441 3414 -
1472 3399 1492 3418 0

159 3451 293 3519 Aesopus
317 3447 445 3522 ponenda
470 3437 598 3501 videhtur
622 3463 686 3520 post
713 3464 823 3501 vertum
849 3465 905 3499 non
926 3453 1003 3518 potis
1020 3478 1040 3490 -
1060 3478 1079 3489 -
1104 3444 1228 3510 loboris,
1260 3450 1315 3499 nisi
1344 3443 1416 3501 forte
1437 3445 1491 3521 leg.

159 3531 251 3576 etiam
274 3528 300 3574 sl
325 3525 451 3594 Aesopus
481 3532 593 3595 posset,
626 3523 796 3594 (quiescere)
830 3541 887 3573 non
915 3529 1012 3592 posset
1041 3521 1233 3593 Ettrypyltae.''
1285 3521 1376 3575 Multa
1399 3527 1490 3575 incas·
1538 3529 1542 3546 ⁸

161 3616 226 3653 som
253 3599 367 3651 molitur
393 3603 479 3652 etiar'n
505 3599 594 3652 Bouh.
648 3597 685 3670 (²)
711 3614 749 3650 so
773 3614 830 3668 om.
856 3614 950 3648 acrem
976 3595 1048 3651 021.
1074 3598 1171 3652 Aldus.
1200 3598 1232 3650 V.
1265 3596 1358 3670 (proh.
1386 3596 1492 3670 lientl.)

159 3673 234 3728 Lall.
254 3675 353 3728 Bothe.
387 3672 441 3747 ’(3)
461 3703 499 3717 -
517 3674 615 3726 doctus
633 3679 698 3738 vir,
716 3679 844 3745 sopiens,
862 3671 967 3742 facere
979 3687 1042 3723 ¹aton
1057 3691 1087 3742 p.
1107 3673 1188 3726 BCV.
1236 3661 1274 3745 (θ)
1293 3695 1332 3730 ·;·
1349 3671 1439 3724 adlatae
1458 3673 1492 3724 de

159 3768 239 3803 cons.
260 3753 292 3804 it.
313 3751 347 3802 D.
386 3750 424 3822 (⁵)
444 3779 481 3791 -
500 3758 529 3800 et
547 3754 749 3801 exercitatione
767 3749 809 3802 til
829 3767 871 3821 pr.
892 3749 954 3801 mC.
969 3750 1010 3801 D.'
1042 3746 1080 3821 (θ)
1094 3747 1245 3800 -subdnc
1258 3753 1331 3801 enim
1344 3749 1492 3802 PABSEC.
1532 3785 1534 3788 -

160 3825 202 3892 (⁷)
221 3826 390 3890 -Iovem,
419 3825 516 3878 Iovem
541 3825 587 3878 Ol.
614 3829 689 3877 mira·
711 3825 835 3896 emphasi
863 3823 914 3876 Gr.
934 3827 969 3877 D.
1021 3819 1058 3894 (⁸)
1078 3849 1112 3865 ι·-
1130 3841 1161 3874 se
1179 3842 1235 3874 nort
1251 3841 1334 3895 posse
1354 3824 1384 3876 L.
1405 3821 1433 3880 Ε.
1453 3854 1492 3866 -

160 3919 220 3954 saon
235 3919 317 3972 posse
334 3919 365 3952 se
383 3899 461 3954 Leid.
480 3901 533 3957 W.
553 3906 580 3956 2.
601 3898 651 3952 cfr.
671 3899 795 3971 Madvig.
816 3908 842 3957 1.
862 3917 890 3971 p·
912 3901 973 3956 lll-
1012 3896 1050 3973 (⁹)
1068 3925 1106 3941 ·-
1123 3908 1275 3950 venatores
1293 3905 1323 3949 itt
1341 3898 1491 3960 montibus,-

160 3982 194 4027 tn
212 3982 278 4028 nive
296 3981 342 4027 uri
361 3980 382 4030 Ι.
402 3977 432 4029 F.
452 3977 586 4034 Gronovii
606 3992 677 4049 susp.
717 3972 846 4028 hefutant
866 3972 952 4032 Wolf
975 3989 1001 4026 et
1028 3975 1139 4028 Nissen.
1190 3973 1240 4042 (¹⁰)
1259 3975 1328 4027 Inde
1348 3973 1440 4031 Wolf.
1462 3980 1492 4028 iu
1593 3989 1602 4016 t

160 4050 312 4106 Proekctt.
339 4067 366 4104 et
392 4053 490 4105 Nissen
516 4051 673 4125 explicant:
704 4050 838 4115 „Scilicet
865 4048 901 4101 ob
930 4048 1161 4103 consuetudinem
1190 4051 1426 4104 exercitationis.”
1454 4079 1494 4094 ·-

160 4126 232 4178 noct
255 4132 284 4181 Α.
312 4131 458 4200 Augustini
483 4144 559 4198 susp.
584 4125 663 4197 proh.
689 4127 753 4180 Ure.
778 4154 817 4168 -
840 4125 934 4176 viden'
957 4124 1023 4178 Ero.
1044 4143 1117 4199 aurp.
1138 4153 1174 4168 -
1193 4141 1250 4178 om.
1270 4125 1334 4176 inde
1355 4127 1385 4178 i..
1404 4126 1491 4180 solus'.
1583 4183 1586 4188 ,
1639 4161 1641 4164 -

160 4207 214 4271 (’-
236 4211 405 4274 pernoetont
427 4220 491 4255 oen.
516 4207 547 4253 in
565 4207 646 4259 nivet
676 4206 742 4253 nive
761 4206 791 4252 in
809 4210 898 4253 mont.
918 4219 945 4253 tt.
963 4206 1158 4271 sepelirentur
1177 4201 1258 4252 nidi:
1286 4203 1401 4271 pugiles
1419 4206 1491 4254 mira
1592 4241 1594 4250 .
1684 4200 1685 4211 ’

160 4280 199 4332 D.
219 4275 305 4350 aurp.)
357 4275 407 4350 (¹¹)
427 4307 466 4320 -
483 4282 606 4329 victorio
624 4276 696 4328 nilrt'l
711 4282 855 4348 antiquius
872 4276 986 4327 videtin
1005 4277 1066 4330 Col.
1087 4276 1217 4332 cantabr.
1266 4274 1315 4350 (¹²)
1336 4295 1401 4330 cum
1421 4275 1492 4333 cdd.

160 4352 227 4425 aliq.
248 4353 288 4440 (h.
307 4371 363 4404 nort
383 4358 412 4405 iu
431 4351 530 4426 marg.)
550 4352 603 4411 W.
623 4358 650 4408 2.
671 4357 738 4422 (ulai
758 4350 831 4422 quod
852 4351 912 4416 lais,
943 4345 1019 4422 quod
1036 4354 1063 4405 h.
1083 4353 1103 4406 l.
1124 4358 1216 4406 miuus
1236 4352 1391 4427 convenit.)
1410 4375 1448 4410 =
1465 4356 1492 4404 sl

159 4430 348 4499 satiyoctnm
374 4433 411 4479 iis
438 4446 494 4479 non
519 4432 558 4479 sit
584 4431 613 4482 S.
638 4447 677 4482 =
700 4432 726 4478 si
750 4433 787 4478 ils
811 4428 995 4499 satbfnctrtm
1023 4445 1080 4479 non
1103 4434 1143 4480 stt
1163 4430 1195 4481 l..
1233 4427 1266 4481 ltl
1285 4445 1349 4498 eat,
1378 4433 1402 4481 si
1422 4431 1490 4481 tatis
1549 4491 1551 4498 Α

157 4504 247 4557 fortes
266 4521 294 4559 et
313 4508 477 4557 exercitatos
497 4520 555 4557 sese
575 4519 630 4555 non
649 4503 837 4577 praehuerint,
859 4503 1036 4556 dominorum
1057 4524 1071 4557 e
1091 4503 1196 4558 iudicio
1215 4502 1334 4556 libenter
1350 4521 1379 4557 ae
1405 4506 1493 4556 mori·

159 4596 249 4634 turos.
268 4595 306 4632 so
325 4584 350 4629 si
367 4583 441 4633 satis
458 4578 631 4650 laistsnctnm
649 4585 689 4630 sit
706 4581 740 4632 ll.
758 4578 787 4632 b.
806 4579 898 4633 Gehh.
920 4580 952 4632 D.
981 4579 1050 4635 Lall.
1078 4590 1104 4637 1.
1129 4603 1168 4638 =
1194 4584 1221 4631 si
1244 4576 1428 4649 satisfactum
1455 4581 1491 4627 ila

77 4689 84 4704 .
158 4659 200 4708 sit
218 4654 404 4710 PARECVM.
444 4653 475 4707 ld
496 4671 556 4718 est,
575 4651 746 4720 „dummodo
766 4653 888 4707 dominis
908 4653 1072 4707 fortitudine
1098 4672 1147 4708 sua
1166 4660 1234 4709 satia
1254 4652 1409 4718 iecerint”,
1426 4647 1491 4705 cet.

157 4730 295 4785 Dtfftetiu
316 4744 358 4783 est
378 4733 464 4804 optio.
487 4732 566 4783 lianc
585 4734 722 4783 rationem
742 4728 900 4804 praeierunt
921 4730 1044 4784 Gronov.
1064 4730 1145 4786 Obss.
1159 4737 1192 4794 2,
1212 4731 1240 4787 6.
1254 4733 1333 4783 Beier
1346 4729 1490 4804 Fregmm.

158 4805 218 4859 th.
247 4815 286 4877 p.·
300 4809 346 4865 16.
396 4804 449 4861 sed
476 4809 535 4858 siue
561 4810 727 4858 auctoritate
753 4810 890 4859 omittunt
913 4811 949 4860 si.
976 4804 1026 4879 (-
1052 4811 1082 4858 ιιι·
1107 4803 1290 4878 satisfactum
1308 4809 1344 4856 iis
1361 4809 1400 4855 sit
1420 4801 1491 4858 C2d.

156 4879 315 4945 Lambini,
334 4885 396 4953 ipso
416 4880 495 4953 proh.
516 4885 545 4933 iu
565 4880 646 4934 Curta
666 4885 736 4949 aec.)
