3384 5359
658 286 742 355 'AD
762 286 927 355 LIB011.
1356 320 1361 333 ·
1397 290 1460 356 ios

138 430 282 506 Euripidis
301 429 415 485 Heouhs
433 427 539 504 profert
558 429 743 502 Hieronymus
763 430 914 496 columns,
938 428 1006 483 sdeo
1024 448 1080 501 non
1102 398 1206 484 similis
1223 430 1285 499 hie,
1311 447 1342 485 ut
1366 400 1462 506 potiui

137 513 196 562 siut
215 512 364 562 contraris.
410 505 464 560 Sed
484 523 514 558 ut
533 503 717 561 concedemus
737 521 795 557 esse
815 505 916 567 Ennii;
945 503 1074 565 mendum
1102 523 1193 560 tumen
1220 507 1268 560 hic
1294 506 1405 561 subesse
1430 513 1462 563 in

136 584 249 656 vulgate
267 581 404 647 lectione,
423 586 478 635 nisi
498 581 579 655 plane
598 580 756 652 desipiunt,
773 577 943 635 fatebuntur.
981 581 1055 649 Quid
1076 585 1168 636 enimi
1188 582 1328 636 Omneeue
1340 581 1461 655 fruges,

137 665 223 712 etism
243 656 352 722 molae,
380 661 484 721 uictae,
511 660 643 720 uitione,
672 664 771 726 suopte
789 664 890 706 nature
909 657 1036 707 enitent?
1066 657 1127 710 Hoc
1150 675 1206 710 non
1227 657 1309 710 modo
1320 658 1408 729 falso
1427 678 1461 712 ac

138 733 278 805 improbe,
305 733 354 784 ted
380 731 447 784 odeo
472 732 555 784 stulte
581 731 735 803 stolidoque
761 731 865 783 dictum
887 727 974 796 iores,
1002 747 1032 785 ut
1051 748 1066 784 ι
1085 737 1195 786 nemine
1216 749 1335 804 uuquam
1357 733 1461 789 dictum

139 825 199 862 esse
220 823 280 860 tuto
300 812 517 879 pronuntiemus.
546 807 740 859 Necessarium
761 823 825 878 ergo
846 821 886 859 est
907 805 1068 878 Epitheton,
1087 807 1159 878 quod
1178 807 1286 881 frugum
1306 808 1462 864 honitatem

138 885 260 943 indicet;
291 883 407 947 Lectae,
430 883 537 953 probae
547 879 659 950 fruges
677 886 762 933 etiam
781 886 811 931 in
830 882 904 933 malo
923 883 983 933 solo
1001 882 1153 938 enitebunt.
1191 887 1252 939 Hoc
1272 878 1384 958 quidem
1402 884 1461 941 diet
1489 894 1491 899 ’

138 963 259 1032 poterit,
277 954 363 1010 ferme
383 975 413 1011 ut
433 956 501 1010 illud
522 956 694 1010 Graecorum

365 1061 520 1074 --
540 1030 595 1088 καὶ
614 1032 673 1108 γὰρ
694 1031 727 1089 ἐν
745 1028 962 1110 βακχεύμασιν
1009 1094 1012 1103 ,

362 1107 395 1162 ’0
414 1108 486 1169 νοῦς
505 1106 522 1163 ὸ
541 1126 675 1180 omousia
694 1104 730 1162 οὐ
749 1104 1016 1184 διαφθαρήσεται·

139 1189 193 1239 etsi
212 1200 359 1254 utrumqne
370 1179 457 1249 falso
475 1198 509 1231 ac
528 1181 667 1252 improbe:
687 1186 788 1253 qnippe
801 1196 911 1234 constet
928 1187 1013 1234 etism
1034 1188 1138 1255 optima
1157 1186 1268 1255 ingenis
1287 1198 1365 1237 recto
1385 1183 1463 1239 cultu

138 1259 289 1324 destituta,
309 1275 336 1311 et
358 1254 438 1309 mulis
458 1259 664 1309 convictoribus
685 1261 807 1329 exposite
828 1262 969 1328 corrumpi
988 1272 1016 1310 et
1037 1262 1184 1330 inquinari.
1225 1259 1280 1325 Qui
1297 1264 1395 1331 itaque*
1408 1261 1463 1314 hoo

138 1341 221 1392 Accii
241 1351 300 1388 este
321 1337 432 1387 Mureto
452 1335 614 1385 coniicienti
634 1329 715 1384 fidem
726 1348 791 1389 uon
811 1330 969 1398 habebunt,
995 1336 1014 1384 ii
1035 1338 1077 1386 sic
1096 1332 1190 1386 locum
1209 1339 1378 1387 constituere
1398 1351 1462 1407 pos-

139 1416 213 1464 sint:
231 1408 395 1480 foletonque
412 1406 483 1456 illud
501 1423 533 1457 ac
553 1407 721 1478 improbum,
742 1405 851 1458 Probae
870 1411 923 1457 etsi
940 1411 970 1457 in
989 1416 1111 1477 segetem
1131 1424 1201 1472 ceu,
1222 1424 1253 1471 ut
1272 1408 1339 1462 illud
1355 1410 1462 1481 probae

141 1487 305 1558 absorptum
332 1488 369 1535 sit
395 1496 410 1532 a
437 1480 520 1533 verbo
546 1481 743 1554 praecedente,
771 1479 845 1554 quod
871 1486 1030 1554 saepissime
1058 1502 1107 1536 usn
1133 1489 1225 1537 tenire
1244 1484 1337 1538 sciunt
1356 1504 1464 1542 omnes,

141 1564 237 1615 Unum
257 1554 450 1612 tantummodo
471 1554 580 1621 addam,
600 1572 709 1629 praeter
729 1561 882 1610 sententiae
901 1556 992 1609 labem
1013 1564 1097 1611 etium
1118 1574 1236 1613 metrum
1258 1561 1304 1612 hic
1323 1561 1462 1629 vacillare,

139 1642 197 1690 nisi
224 1637 368 1707 epitheton
395 1633 450 1684 buc
474 1647 606 1684 ernestus.
628 1634 828 1703 Quocunque
856 1636 931 1684 euim
958 1633 1043 1686 modo
1071 1633 1196 1706 uulgatue
1224 1633 1354 1707 lectionis
1380 1636 1463 1689 uerbo
1497 1688 1501 1705 ,
1563 1700 1566 1707 Ι

139 1717 277 1771 intertum
306 1713 358 1761 etsi
384 1704 480 1778 digitio
501 1705 670 1760 tertiarum
691 1713 815 1772 numeri,
842 1707 955 1762 nuribus
974 1723 1066 1761 tumen
1086 1710 1219 1762 offensam
1239 1726 1350 1776 erenum
1378 1728 1465 1783 quum

68 1776 71 1785 ’
138 1802 272 1841 secentur
293 1781 474 1836 imtnoduiete
493 1782 600 1835 incidat
619 1789 648 1835 iu
668 1799 834 1855 postremam
856 1782 988 1855 syllabam
1009 1786 1064 1842 τοῦ
1082 1793 1214 1853 segetem.

216 1861 319 1913 *Cum
332 1860 379 1910 vl.
410 1857 533 1908 Primum
552 1863 641 1927 igitur
661 1859 694 1910 de
713 1859 903 1912 imbecillitate
921 1860 1080 1924 multorum,
1100 1868 1128 1911 et
1147 1859 1181 1913 de
1199 1864 1293 1912 variis
1310 1860 1465 1933 discipduis

135 1935 363 2009 pltildsoplrorum
382 1933 492 2003 loquar]
515 1932 590 2001 Quid
610 1935 664 1987 hoe
682 1937 742 1986 etti
761 1936 805 1989 An
823 1933 951 2006 loquetur
970 1932 1004 1988 de
1025 1938 1108 1991 uariis
1128 1934 1283 2011 disciplinis
1303 1941 1359 1989 sive
1379 1942 1482 1990 sectis-

87 2010 89 2014 ’
161 2011 392 2083 hiioeophorumi
412 2014 526 2060 minime
546 2027 625 2062 uero:
645 2025 672 2062 et
692 2007 762 2074 tide,
783 2025 912 2082 qusutsm
932 2015 1086 2065 tententiae
1105 2009 1198 2069 labem
1218 2027 1273 2064 uun
1292 2010 1371 2065 litera
1390 2026 1465 2065 sttu-

139 2032 221 2140 lent!
255 2086 380 2158 Repone,
412 2085 561 2135 multorum
586 2093 615 2135 et
632 2085 655 2137 tt
673 2090 766 2136 variis
784 2084 941 2155 disciplinis
955 2083 1190 2157 philosophorum.
1235 2086 1291 2140 Ubi
1318 2085 1386 2140 ordo
1412 2103 1465 2155 est,

140 2165 295 2216 multorum
311 2158 536 2231 philosophorum
554 2166 583 2210 et
601 2178 615 2211 e
632 2165 726 2211 variis
743 2159 908 2231 disciplinis.

219 2236 334 2290 *litet
360 2235 406 2286 Ne
425 2233 699 2286 doloremsummum
718 2236 822 2287 molum
841 2234 960 2306 diceres]
987 2234 1092 2288 Omnes
1113 2240 1203 2288 nostri
1228 2233 1355 2302 oudinet,
1381 2255 1415 2288 ue
1434 2254 1464 2290 se

142 2312 277 2365 dolorem.
315 2308 547 2383 Nempe-librarii
567 2307 756 2364 immitibus
776 2316 832 2364 suis
845 2315 1031 2377 inuenerunt,
1050 2329 1085 2362 rte
1103 2329 1142 2364 se.
1159 2310 1214 2363 hoo
1234 2318 1285 2381 ist,
1304 2329 1339 2363 ne
1356 2313 1465 2365 seilicet

141 2387 285 2441 dolorem:
304 2402 373 2457 quse
393 2385 454 2439 tera
473 2384 557 2436 lectio
577 2400 628 2440 eet.

219 2461 333 2514 *ibid
358 2459 440 2529 Ergo
465 2459 510 2524 id,
540 2459 615 2528 quod
641 2466 747 2510 natura
773 2463 834 2530 ipsa
861 2468 890 2511 et
917 2459 1051 2531 quaedam
1078 2478 1217 2529 generosa
1243 2465 1340 2512 virtus
1366 2466 1464 2514 statim

143 2543 266 2609 respuit,
294 2554 328 2587 ne
352 2538 458 2586 scilieet
482 2534 605 2586 dolorem
623 2551 757 2585 summum
776 2536 880 2585 malum
899 2534 1019 2597 diceres‚·
1050 2542 1227 2607 oppositoque
1246 2535 1377 2588 dedecore
1395 2556 1466 2590 sert-

143 2619 237 2665 tentia
256 2611 432 2684 depellerere,
452 2614 482 2660 in
501 2627 534 2662 eo
553 2616 696 2678 magistra
715 2615 792 2661 vitae
807 2608 983 2681 philosophia
1001 2605 1046 2662 tdt
1063 2613 1155 2663 secula
1164 2613 1342 2681 permeasti]
1362 2612 1467 2667 Occul-

144 2693 287 2743 tissimum
307 2683 431 2760 profecto
451 2686 497 2737 hic
517 2684 648 2737 tuendum
667 2684 750 2742 istem
775 2683 850 2756 quod
871 2701 975 2752 temen,
1002 2702 1084 2757 quum
1106 2690 1223 2759 primum
1244 2692 1273 2739 in
1292 2687 1381 2740 lucem
1402 2707 1467 2761 pro·

97 2760 100 2775 ¹
142 2765 286 2827 mshstur,
305 2767 398 2815 statim
418 2776 561 2834 agnosces.
598 2762 692 2814 Primo
712 2758 786 2812 tides
806 2756 1041 2819 ἀνακόλουθον
1059 2760 1140 2830 Ergo
1159 2763 1216 2822 lD;
1236 2767 1337 2835 quippe
1356 2764 1465 2817 nulium

144 2856 188 2892 est
207 2837 330 2904 terbum,
350 2854 404 2909 quo
424 2834 567 2889 referatur.
593 2834 655 2894 ‚Sed
675 2837 729 2889 hoc
747 2833 863 2888 fortusse
884 2834 1070 2889 condonabis:
1089 2853 1145 2889 oon
1165 2844 1237 2891 enim
1257 2836 1355 2890 desunt
1375 2852 1469 2892 ereut-
1532 2876 1537 2891 r
1641 2828 1666 2861 '¹

144 2915 201 2989 pls.
239 2910 303 2977 Sed,
321 2918 345 2966 si
365 2912 519 2965 dictionem
537 2908 670 2976 defendit,
690 2915 856 2963 sententium
876 2910 973 2963 saltem
993 2911 1175 2989 improbabit.
1212 2912 1300 2982 Quale
1320 2916 1393 2965 enim
1413 2929 1465 2979 est,
1566 2952 1568 2957 ·
1665 2924 1666 2965 1

144 2991 181 3042 Irt
199 2987 250 3041 Eo
269 2986 409 3062 (dogmate
429 2987 554 3052 soiitcet,
584 3003 721 3038 summum
742 2985 846 3038 mulum
867 3003 925 3038 esse
945 2985 1081 3061 dolorem)
1106 2987 1282 3059 philosophia
1297 2988 1465 3058 permanet?
1665 2972 1666 2989 ¹

120 3067 270 3120 'Boceiue
289 3065 401 3116 verum?
432 3061 488 3116 Ubi
506 3079 572 3134 ergo
591 3062 648 3127 illi,
676 3066 723 3132 qui
742 3062 845 3113 maium
866 3060 978 3134 quidem
998 3079 1057 3115 esre
1076 3061 1218 3128 dolorem,
1248 3062 1294 3116 sed
1314 3080 1370 3115 uon
1390 3080 1466 3117 sum·

145 3142 243 3193 mutui
274 3138 330 3191 Ubi
350 3141 455 3201 Stoici,
484 3142 531 3209 qui
557 3156 592 3189 ne
618 3136 721 3189 malum
746 3135 858 3207 quidem
878 3154 936 3189 esse
956 3134 1132 3192 lstehnnturi
1164 3137 1240 3208 Quid
1259 3137 1355 3191 multis
1375 3142 1466 3210 opus?

145 3214 217 3269 Dele
232 3212 301 3266 illud
314 3232 357 3279 eo,
375 3230 410 3266 et.
422 3230 540 3285 repone:
559 3212 638 3281 Ergo
657 3212 689 3263 id
706 3210 777 3285 (tom
799 3228 877 3285 turpe
897 3227 924 3266 et
945 3214 1122 3266 inhonestum
1143 3211 1255 3287 dogma)
1275 3218 1467 3282 inmagistra

144 3295 226 3342 uitae
241 3287 416 3359 pltilosopltia
436 3296 480 3338 tot
497 3289 589 3339 seculo
604 3288 772 3359 permanet?
791 3289 853 3339 lure
873 3285 1048 3360 indignetur,
1069 3306 1125 3340 non
1144 3287 1217 3360 quod
1239 3294 1268 3342 in
1287 3305 1319 3342 eo
1338 3287 1467 3362 dogmate

146 3379 208 3419 tots
228 3365 403 3437 philosophis
423 3378 597 3434 permanan
626 3362 667 3436 (id
687 3367 761 3415 euim
782 3360 893 3435 falsum)
913 3366 960 3416 sed
980 3361 1054 3433 quod
1073 3363 1173 3435 dogma
1193 3362 1260 3416 illud
1280 3369 1309 3419 in
1329 3364 1385 3416 ulla
1404 3366 1491 3441 phu,

145 3440 292 3512 lotophise
311 3454 385 3493 sectr
406 3453 462 3491 tstn
483 3437 531 3491 diu
549 3454 715 3511 permanent.
759 3439 794 3492 Et
814 3435 948 3503 fortasse,
974 3438 1076 3491 mendo
1095 3442 1148 3492 ism
1167 3437 1294 3510 detecto,
1321 3445 1390 3509 erit,
1418 3445 1467 3512 qui

145 3532 199 3590 pro
219 3513 303 3567 ior
339 3529 418 3577 ouet,
439 3514 472 3565 eri
490 3513 648 3582 magistri:
667 3511 716 3565 sed
737 3500 770 3587 ιιι,
786 3516 809 3566 si
829 3517 919 3584 sapis,
938 3528 1092 3585 aspernare.

223 3533 337 3644 *ibid
363 3589 419 3660 Qui
436 3589 559 3640 dolorem
577 3606 710 3639 sommum
728 3589 832 3640 malum
851 3607 911 3639 esse
937 3590 990 3640 sibi
1010 3593 1196 3659 persuaserit]
1222 3590 1318 3645 Nostri
1344 3589 1467 3658 codices,

145 3665 251 3717 modim
269 3665 323 3718 sibi
341 3683 399 3716 esse
414 3669 603 3735 persuaserit‚·
631 3679 658 3717 et
678 3680 758 3728 mox,
784 3672 816 3714 ut
834 3669 944 3717 omnino
964 3683 1022 3715 erse
1038 3670 1130 3736 possit
1148 3665 1259 3733 beatur,
1284 3682 1336 3738 pro
1354 3664 1465 3738 vulgsto

141 3745 237 3815 possit
254 3758 328 3791 esre:
348 3757 376 3793 et
395 3745 507 3805 iterum,
526 3739 712 3790 Metrodorus
725 3737 853 3810 perfecte
871 3758 932 3790 euru
951 3740 1063 3791 beatum
1078 3749 1174 3812 putat,
1193 3758 1244 3814 pro
1264 3757 1383 3815 recepto,
1403 3758 1466 3793 eunt

140 3814 274 3889 perfecte
289 3824 374 3887 putat
392 3815 512 3871 beatum,
551 3814 653 3868 Omnis
673 3820 845 3868 numerosius
866 3830 893 3867 et
913 3815 1022 3869 melius.

224 3891 325 3945 *Cart
346 3892 406 3944 VII.
434 3890 523 3959 Quom
542 3906 628 3941 strove
647 3898 692 3942 est
709 3888 780 3942 lroc!
808 3908 890 3960 quam
908 3888 959 3942 ltoc
977 3908 1034 3942 nott
1052 3893 1150 3960 curat]
1177 3891 1273 3945 Nostri
1293 3894 1387 3944 omues
1406 3906 1467 3945 me-

145 3965 219 4019 lius:
239 3965 330 4034 tham
348 3983 433 4016 suave
450 3975 509 4032 est,
529 3983 610 4036 quam
629 3964 680 4017 ltoc
698 3983 755 4017 nort
772 3969 860 4018 curo!

225 4041 314 4094 lbid.
341 4045 384 4092 Ar
402 4038 434 4091 id
450 4040 560 4113 quidem
577 4040 620 4092 illi
638 4046 709 4112 ipsi,
737 4045 784 4111 qui
802 4040 926 4093 dolorem
944 4041 1048 4103 malum
1066 4059 1125 4093 esse
1144 4048 1267 4109 negant,
1293 4058 1350 4093 nort
1374 4041 1467 4094 solent

145 4114 256 4181 dicere,
276 4121 402 4187 cuiquam
419 4133 507 4169 suave
525 4133 584 4167 esse
602 4122 740 4168 cruciari:
759 4134 904 4188 asperum,
925 4114 1063 4188 difficile,
1090 4115 1230 4181 odiosum,
1256 4124 1357 4168 contro
1374 4127 1466 4169 natu-

145 4209 213 4244 ram
238 4191 348 4258 dicunt,
375 4208 425 4243 uec
451 4199 546 4243 tamen
571 4192 682 4244 malum.
726 4193 796 4257 Hic,
822 4197 869 4262 qui
896 4192 985 4246 solum
1005 4190 1056 4243 iroc
1074 4191 1177 4242 malum
1196 4191 1264 4243 dicit
1283 4208 1310 4244 et
1330 4193 1467 4247 malorum

143 4271 270 4320 amnium
287 4274 452 4333 extremum,
472 4271 625 4338 sapientem
643 4276 735 4318 censet
754 4266 785 4316 id
801 4284 890 4319 suane
909 4268 1057 4336 dicturum]
1078 4266 1167 4319 Silene
1187 4272 1360 4339 interpretes,
1378 4286 1467 4341 neque

145 4341 261 4396 codices
288 4348 404 4396 uariunt.
448 4343 556 4395 Vitiosa
581 4357 674 4395 tomen
700 4347 791 4396 oratio
817 4358 875 4408 eet,
904 4342 964 4395 tide
990 4347 1065 4395 euim
1085 4346 1153 4395 isto:
1182 4342 1277 4393 Solum
1294 4340 1345 4394 itoc
1363 4346 1468 4396 malum

145 4417 218 4469 dicit
236 4411 421 4470 etmalorum
440 4422 560 4469 omnium
578 4425 742 4471 extremum.
775 4415 804 4470 Si
825 4423 902 4490 prius
921 4418 1019 4484 solum,
1040 4414 1176 4487 quomodo
1195 4416 1294 4469 deinde
1314 4426 1468 4472 extremum

146 4494 300 4557 omnium?v
322 4494 398 4547 Boeo
416 4498 489 4547 inter
508 4510 536 4546 ee
556 4508 687 4566 pugnent.
732 4494 832 4545 Verum
852 4491 964 4566 quidem
983 4507 1024 4546 est
1044 4494 1191 4564 Epicurum
1211 4497 1364 4562 censuisse,
1392 4510 1467 4548 nuno

145 4568 273 4635 dolorem
290 4570 379 4620 sultam
398 4570 501 4620 malum
520 4586 595 4633 esse,
614 4583 689 4620 nuno
707 4568 844 4619 malorum
864 4574 984 4620 omnierm
997 4577 1167 4619 extremum:
1186 4582 1213 4620 et
1227 4568 1282 4620 hoe
1295 4573 1356 4641 ipse
1369 4573 1466 4623 Cicero

145 4663 205 4697 nou
232 4643 318 4698 semei
344 4642 440 4705 reform
475 4640 522 4696 sed
549 4643 604 4695 ulio
623 4643 703 4714 plane
722 4660 814 4708 more,
844 4661 925 4715 quam
945 4645 991 4696 hic
1011 4642 1158 4696 habentus:
1187 4658 1217 4695 ut
1236 4644 1347 4696 Tuscul.
1367 4646 1399 4710 V,
1422 4651 1468 4700 10.

148 4721 191 4772 Ut
209 4725 249 4782 is,
267 4725 314 4789 qui
331 4721 374 4774 vel
392 4738 526 4772 surnmum
545 4719 588 4772 vel
605 4720 696 4770 solum
713 4719 816 4769 malum
835 4718 959 4771 dolorem
975 4736 1037 4778 esse
1055 4718 1139 4769 dicat.
1169 4717 1251 4786 Quod
1265 4717 1298 4769 nd
1311 4718 1467 4792 exemplum

146 4798 193 4849 sic
213 4796 308 4867 refingi
328 4798 430 4868 poterit
450 4797 497 4848 hio
514 4794 609 4859 locut,
634 4794 688 4845 Hic
713 4798 759 4865 qui
778 4793 854 4847 Att‘r
872 4796 960 4846 solrrm
977 4792 1028 4846 lroc
1046 4794 1150 4844 molum
1168 4793 1254 4861 dicit,
1280 4793 1355 4847 ntJT
1373 4794 1466 4846 malo-
1485 4832 1488 4837 .

147 4890 212 4924 rum
231 4875 352 4938 omnium
370 4879 534 4925 estrermcm.
582 4866 636 4926 Sed
661 4887 750 4942 neque
775 4873 817 4925 eie
836 4869 998 4924 Ciceronem
1017 4872 1089 4942 sapic
1107 4873 1213 4924 orttio:
1242 4866 1374 4923 decrescit
1393 4873 1469 4923 enim
