<?xml version="1.0" encoding="UTF-8"?>
<!DOCTYPE html PUBLIC "-//W3C//DTD XHTML 1.0 Transitional//EN"
    "http://www.w3.org/TR/xhtml1/DTD/xhtml1-transitional.dtd">
<html xmlns="http://www.w3.org/1999/xhtml" xml:lang="en" lang="en">
 <head>
  <title>
</title>
<meta http-equiv="Content-Type" content="text/html;charset=utf-8" />
  <meta name='ocr-system' content='tesseract 3.04.00' />
  <meta name='ocr-capabilities' content='ocr_page ocr_carea ocr_par ocr_line ocrx_word'/>
</head>
<body>
  <div class='ocr_page' id='page_1' title='image "./mtulliiciceroni00wolfgoog_0249.png"; bbox 0 0 3384 5359; ppageno 0'>
   <div class='ocr_carea' id='block_1_1' title="bbox 176 314 1503 528">
    <p class='ocr_par' dir='ltr' id='par_1_1' title="bbox 176 314 1503 528">
     <span class='ocr_line' id='line_1_1' title="bbox 719 314 1503 416; baseline -0.004 -35"><span class='ocrx_word' id='word_1_1' title='bbox 719 314 784 381; x_wconf 78' lang='lat' dir='ltr'><strong><em>nu</em></strong></span> <span class='ocrx_word' id='word_1_2' title='bbox 806 314 898 381; x_wconf 77' lang='lat' dir='ltr'><strong><em>uns.</em></strong></span> <span class='ocrx_word' id='word_1_3' title='bbox 919 314 951 379; x_wconf 86' lang='lat' dir='ltr'><strong><em>r.</em></strong></span> <span class='ocrx_word' id='word_1_4' title='bbox 1176 404 1179 413; x_wconf 16' lang='grc' dir='ltr'><strong><em>ι</em></strong></span> <span class='ocrx_word' id='word_1_5' title='bbox 1404 400 1408 416; x_wconf 33' lang='grc'><strong>,</strong></span> <span class='ocrx_word' id='word_1_6' title='bbox 1442 315 1503 407; x_wconf 76' lang='lat' dir='ltr'><strong><em>ets</em></strong></span> 
     </span>
     <span class='ocr_line' id='line_1_2' title="bbox 176 418 1499 528; baseline -0.002 -16"><span class='ocrx_word' id='word_1_7' title='bbox 176 463 293 525; x_wconf 77' lang='lat' dir='ltr'><strong><em>anima,</em></strong></span> <span class='ocrx_word' id='word_1_8' title='bbox 319 460 379 509; x_wconf 82' lang='lat' dir='ltr'><strong><em>sive</em></strong></span> <span class='ocrx_word' id='word_1_9' title='bbox 402 440 480 526; x_wconf 66' lang='lat' dir='ltr'><strong><em>ignis</em></strong></span> <span class='ocrx_word' id='word_1_10' title='bbox 502 461 542 509; x_wconf 83' lang='lat' dir='ltr'><strong><em>sit</em></strong></span> <span class='ocrx_word' id='word_1_11' title='bbox 559 460 684 508; x_wconf 72' lang='lat' dir='ltr'><strong><em>aninum</em></strong></span> <span class='ocrx_word' id='word_1_12' title='bbox 709 471 738 510; x_wconf 87' lang='lat' dir='ltr'><strong><em>et</em></strong></span> <span class='ocrx_word' id='word_1_13' title='bbox 757 456 825 528; x_wconf 70' lang='lat' dir='ltr'><strong><em>cip.</em></strong></span> <span class='ocrx_word' id='word_1_14' title='bbox 843 456 950 512; x_wconf 74' lang='lat' dir='ltr'><strong><em>xxiii.</em></strong></span> <span class='ocrx_word' id='word_1_15' title='bbox 968 462 994 509; x_wconf 84' lang='lat' dir='ltr'><strong><em>si</em></strong></span> <span class='ocrx_word' id='word_1_16' title='bbox 1012 437 1080 509; x_wconf 79' lang='lat' dir='ltr'><strong><em>iletts</em></strong></span> <span class='ocrx_word' id='word_1_17' title='bbox 1099 463 1150 508; x_wconf 84' lang='lat' dir='ltr'><strong><em>aut</em></strong></span> <span class='ocrx_word' id='word_1_18' title='bbox 1167 460 1264 509; x_wconf 83' lang='lat' dir='ltr'><strong><em>anima</em></strong></span> <span class='ocrx_word' id='word_1_19' title='bbox 1281 418 1499 525; x_wconf 68' lang='lat' dir='ltr'><strong><em>attignis‘est.</em></strong></span> 
     </span>
    </p>
   </div>
   <div class='ocr_carea' id='block_1_2' title="bbox 151 530 1569 2557">
    <p class='ocr_par' dir='ltr' id='par_1_2' title="bbox 176 530 1519 1054">
     <span class='ocr_line' id='line_1_3' title="bbox 178 530 1500 604; baseline -0.004 -15"><span class='ocrx_word' id='word_1_20' title='bbox 178 532 237 589; x_wconf 86' lang='lat' dir='ltr'><strong><em>Sed</em></strong></span> <span class='ocrx_word' id='word_1_21' title='bbox 255 530 379 587; x_wconf 86' lang='lat' dir='ltr'><strong><em>nondum</em></strong></span> <span class='ocrx_word' id='word_1_22' title='bbox 399 536 485 585; x_wconf 83' lang='lat' dir='ltr'><strong><em>etium</em></strong></span> <span class='ocrx_word' id='word_1_23' title='bbox 509 531 679 587; x_wconf 82' lang='lat' dir='ltr'><strong><em>emeeulttut</em></strong></span> <span class='ocrx_word' id='word_1_24' title='bbox 704 547 745 585; x_wconf 90' lang='lat' dir='ltr'><strong><em>est</em></strong></span> <span class='ocrx_word' id='word_1_25' title='bbox 770 532 817 585; x_wconf 84' lang='lat' dir='ltr'><strong><em>hic</em></strong></span> <span class='ocrx_word' id='word_1_26' title='bbox 839 530 929 585; x_wconf 85' lang='lat' dir='ltr'><strong><em>loeus.</em></strong></span> <span class='ocrx_word' id='word_1_27' title='bbox 974 532 1038 587; x_wconf 90' lang='lat' dir='ltr'><strong><em>Non</em></strong></span> <span class='ocrx_word' id='word_1_28' title='bbox 1064 537 1140 586; x_wconf 87' lang='lat' dir='ltr'><strong><em>euim</em></strong></span> <span class='ocrx_word' id='word_1_29' title='bbox 1165 533 1212 585; x_wconf 85' lang='lat' dir='ltr'><strong><em>hie</em></strong></span> <span class='ocrx_word' id='word_1_30' title='bbox 1240 536 1345 604; x_wconf 77' lang='lat' dir='ltr'><strong><em>quaerit</em></strong></span> <span class='ocrx_word' id='word_1_31' title='bbox 1370 531 1438 603; x_wconf 79' lang='lat' dir='ltr'><strong><em>quid</em></strong></span> <span class='ocrx_word' id='word_1_32' title='bbox 1461 537 1500 584; x_wconf 84' lang='lat' dir='ltr'><strong><em>sit</em></strong></span> 
     </span>
     <span class='ocr_line' id='line_1_4' title="bbox 177 605 1502 680; baseline -0.001 -19"><span class='ocrx_word' id='word_1_33' title='bbox 177 614 301 674; x_wconf 81' lang='lat' dir='ltr'><strong><em>artimus,</em></strong></span> <span class='ocrx_word' id='word_1_34' title='bbox 320 605 379 673; x_wconf 83' lang='lat' dir='ltr'><strong><em>ted,</em></strong></span> <span class='ocrx_word' id='word_1_35' title='bbox 398 625 469 678; x_wconf 73' lang='lat' dir='ltr'><strong><em>puae</em></strong></span> <span class='ocrx_word' id='word_1_36' title='bbox 480 613 527 659; x_wconf 88' lang='lat' dir='ltr'><strong><em>vis</em></strong></span> <span class='ocrx_word' id='word_1_37' title='bbox 539 613 689 659; x_wconf 85' lang='lat' dir='ltr'><strong><em>memoriae</em></strong></span> <span class='ocrx_word' id='word_1_38' title='bbox 708 614 736 658; x_wconf 92' lang='lat' dir='ltr'><strong><em>et</em></strong></span> <span class='ocrx_word' id='word_1_39' title='bbox 755 605 846 658; x_wconf 82' lang='lat' dir='ltr'><strong><em>unde?</em></strong></span> <span class='ocrx_word' id='word_1_40' title='bbox 865 608 937 679; x_wconf 73' lang='lat' dir='ltr'><strong><em>Lege</em></strong></span> <span class='ocrx_word' id='word_1_41' title='bbox 956 625 1022 679; x_wconf 78' lang='lat' dir='ltr'><strong><em>ergo</em></strong></span> <span class='ocrx_word' id='word_1_42' title='bbox 1041 623 1133 661; x_wconf 89' lang='lat' dir='ltr'><strong><em>totum</em></strong></span> <span class='ocrx_word' id='word_1_43' title='bbox 1152 606 1257 674; x_wconf 86' lang='lat' dir='ltr'><strong><em>iocum,</em></strong></span> <span class='ocrx_word' id='word_1_44' title='bbox 1274 625 1338 661; x_wconf 87' lang='lat' dir='ltr'><strong><em>meo</em></strong></span> <span class='ocrx_word' id='word_1_45' title='bbox 1359 606 1502 680; x_wconf 85' lang='lat' dir='ltr'><strong><em>periculo:</em></strong></span> 
     </span>
     <span class='ocr_line' id='line_1_5' title="bbox 176 681 1519 751; baseline -0.001 -15"><span class='ocrx_word' id='word_1_46' title='bbox 176 685 248 736; x_wconf 84' lang='lat' dir='ltr'><strong><em>Non</em></strong></span> <span class='ocrx_word' id='word_1_47' title='bbox 266 691 308 735; x_wconf 85' lang='lat' dir='ltr'><strong><em>est</em></strong></span> <span class='ocrx_word' id='word_1_48' title='bbox 326 691 401 735; x_wconf 88' lang='lat' dir='ltr'><strong><em>certe</em></strong></span> <span class='ocrx_word' id='word_1_49' title='bbox 419 700 469 734; x_wconf 83' lang='lat' dir='ltr'><strong><em>nec</em></strong></span> <span class='ocrx_word' id='word_1_50' title='bbox 488 681 605 749; x_wconf 81' lang='lat' dir='ltr'><strong><em>cordis,</em></strong></span> <span class='ocrx_word' id='word_1_51' title='bbox 616 700 665 733; x_wconf 86' lang='lat' dir='ltr'><strong><em>nec</em></strong></span> <span class='ocrx_word' id='word_1_52' title='bbox 683 686 848 751; x_wconf 77' lang='lat' dir='ltr'><strong><em>sangrtt&#39;nt‘s,</em></strong></span> <span class='ocrx_word' id='word_1_53' title='bbox 867 700 917 734; x_wconf 89' lang='lat' dir='ltr'><strong><em>nec</em></strong></span> <span class='ocrx_word' id='word_1_54' title='bbox 936 683 1059 748; x_wconf 76' lang='lat' dir='ltr'><strong><em>cerebri,</em></strong></span> <span class='ocrx_word' id='word_1_55' title='bbox 1077 700 1128 734; x_wconf 85' lang='lat' dir='ltr'><strong><em>nec</em></strong></span> <span class='ocrx_word' id='word_1_56' title='bbox 1147 692 1323 735; x_wconf 80' lang='lat' dir='ltr'><strong><em>atomorum:</em></strong></span> <span class='ocrx_word' id='word_1_57' title='bbox 1352 683 1401 736; x_wconf 79' lang='lat' dir='ltr'><strong><em>AN</em></strong></span> <span class='ocrx_word' id='word_1_58' title='bbox 1421 682 1519 737; x_wconf 66' lang='lat' dir='ltr'><strong><em>Atii:</em></strong></span> 
     </span>
     <span class='ocr_line' id='line_1_6' title="bbox 177 757 1500 830; baseline -0.005 -17"><span class='ocrx_word' id='word_1_59' title='bbox 177 760 262 813; x_wconf 80' lang='grc' dir='ltr'><strong><em>ΜΔΕ</em></strong></span> <span class='ocrx_word' id='word_1_60' title='bbox 280 764 320 810; x_wconf 88' lang='lat' dir='ltr'><strong><em>sit</em></strong></span> <span class='ocrx_word' id='word_1_61' title='bbox 338 763 465 826; x_wconf 79' lang='lat' dir='ltr'><strong><em>ignisve,</em></strong></span> <span class='ocrx_word' id='word_1_62' title='bbox 485 763 587 811; x_wconf 86' lang='lat' dir='ltr'><strong><em>nescio.</em></strong></span> <span class='ocrx_word' id='word_1_63' title='bbox 625 757 663 810; x_wconf 85' lang='lat' dir='ltr'><strong><em>Et</em></strong></span> <span class='ocrx_word' id='word_1_64' title='bbox 681 763 738 811; x_wconf 74' lang='lat' dir='ltr'><strong><em>itm</em></strong></span> <span class='ocrx_word' id='word_1_65' title='bbox 756 760 866 830; x_wconf 80' lang='lat' dir='ltr'><strong>opinor,</strong></span> <span class='ocrx_word' id='word_1_66' title='bbox 885 773 955 811; x_wconf 78' lang='lat' dir='ltr'><strong><em>notu</em></strong></span> <span class='ocrx_word' id='word_1_67' title='bbox 975 762 1048 811; x_wconf 76' lang='lat' dir='ltr'><strong><em>ratio</em></strong></span> <span class='ocrx_word' id='word_1_68' title='bbox 1068 772 1132 810; x_wconf 76' lang='lat' dir='ltr'><strong><em>nuto</em></strong></span> <span class='ocrx_word' id='word_1_69' title='bbox 1150 775 1202 823; x_wconf 89' lang='lat' dir='ltr'><strong><em>est,</em></strong></span> <span class='ocrx_word' id='word_1_70' title='bbox 1222 775 1272 811; x_wconf 86' lang='lat' dir='ltr'><strong><em>eur</em></strong></span> <span class='ocrx_word' id='word_1_71' title='bbox 1292 757 1360 812; x_wconf 89' lang='lat' dir='ltr'><strong><em>illud</em></strong></span> <span class='ocrx_word' id='word_1_72' title='bbox 1379 762 1500 823; x_wconf 83' lang='lat' dir='ltr'><strong><em>unimus,</em></strong></span> 
     </span>
     <span class='ocr_line' id='line_1_7' title="bbox 177 830 1500 906; baseline -0.001 -20"><span class='ocrx_word' id='word_1_73' title='bbox 177 833 254 906; x_wconf 84' lang='lat' dir='ltr'><strong><em>quod</em></strong></span> <span class='ocrx_word' id='word_1_74' title='bbox 268 833 389 903; x_wconf 73' lang='lat' dir='ltr'><strong><em>vulgatus</em></strong></span> <span class='ocrx_word' id='word_1_75' title='bbox 403 832 538 887; x_wconf 87' lang='lat' dir='ltr'><strong><em>editiones</em></strong></span> <span class='ocrx_word' id='word_1_76' title='bbox 552 832 624 885; x_wconf 77' lang='lat' dir='ltr'><strong><em>mele</em></strong></span> <span class='ocrx_word' id='word_1_77' title='bbox 637 831 755 899; x_wconf 87' lang='lat' dir='ltr'><strong><em>obsedit,</em></strong></span> <span class='ocrx_word' id='word_1_78' title='bbox 775 832 816 884; x_wconf 79' lang='lat' dir='ltr'><strong><em>tel</em></strong></span> <span class='ocrx_word' id='word_1_79' title='bbox 829 830 946 885; x_wconf 74' lang='lat' dir='ltr'>furcillis</span> <span class='ocrx_word' id='word_1_80' title='bbox 967 830 1132 887; x_wconf 86' lang='lat' dir='ltr'><strong><em>eiiciendurn</em></strong></span> <span class='ocrx_word' id='word_1_81' title='bbox 1152 838 1199 886; x_wconf 82' lang='lat' dir='ltr'><strong><em>sit.</em></strong></span> <span class='ocrx_word' id='word_1_82' title='bbox 1216 862 1256 879; x_wconf 86' lang='lat'><em>-</em></span> <span class='ocrx_word' id='word_1_83' title='bbox 1280 837 1372 888; x_wconf 66' lang='lat' dir='ltr'><strong><em>*Post</em></strong></span> <span class='ocrx_word' id='word_1_84' title='bbox 1385 838 1500 886; x_wconf 87' lang='lat' dir='ltr'><strong><em>eiicien-</em></strong></span> 
     </span>
     <span class='ocr_line' id='line_1_8' title="bbox 178 905 1499 977; baseline -0.003 -15"><span class='ocrx_word' id='word_1_85' title='bbox 178 908 244 963; x_wconf 86' lang='lat' dir='ltr'><strong><em>dum</em></strong></span> <span class='ocrx_word' id='word_1_86' title='bbox 264 914 312 974; x_wconf 88' lang='lat' dir='ltr'><strong><em>sit,</em></strong></span> <span class='ocrx_word' id='word_1_87' title='bbox 332 907 415 973; x_wconf 81' lang='lat' dir='ltr'><strong><em>adde,</em></strong></span> <span class='ocrx_word' id='word_1_88' title='bbox 435 910 521 962; x_wconf 87' lang='lat' dir='ltr'><strong><em>Porto</em></strong></span> <span class='ocrx_word' id='word_1_89' title='bbox 541 925 635 961; x_wconf 86' lang='lat' dir='ltr'><strong><em>omnes</em></strong></span> <span class='ocrx_word' id='word_1_90' title='bbox 654 911 744 961; x_wconf 89' lang='lat' dir='ltr'><strong><em>nostri</em></strong></span> <span class='ocrx_word' id='word_1_91' title='bbox 764 905 861 961; x_wconf 75' lang='lat' dir='ltr'><strong><em>codd:</em></strong></span> <span class='ocrx_word' id='word_1_92' title='bbox 889 908 968 977; x_wconf 83' lang='lat' dir='ltr'><strong><em>Quae</em></strong></span> <span class='ocrx_word' id='word_1_93' title='bbox 985 913 1025 960; x_wconf 88' lang='lat' dir='ltr'><strong><em>sit</em></strong></span> <span class='ocrx_word' id='word_1_94' title='bbox 1043 909 1094 960; x_wconf 86' lang='lat' dir='ltr'><strong><em>itia</em></strong></span> <span class='ocrx_word' id='word_1_95' title='bbox 1111 911 1168 975; x_wconf 86' lang='lat' dir='ltr'><strong><em>vis,</em></strong></span> <span class='ocrx_word' id='word_1_96' title='bbox 1186 916 1237 960; x_wconf 85' lang='lat' dir='ltr'><strong><em>aut</em></strong></span> <span class='ocrx_word' id='word_1_97' title='bbox 1255 907 1324 959; x_wconf 84' lang='lat' dir='ltr'><strong><em>unde</em></strong></span> <span class='ocrx_word' id='word_1_98' title='bbox 1338 909 1398 965; x_wconf 77' lang='lat' dir='ltr'><strong><em>sl‘r</em></strong></span> <span class='ocrx_word' id='word_1_99' title='bbox 1410 909 1499 960; x_wconf 84' lang='lat' dir='ltr'><strong><em>intei-</em></strong></span> 
     </span>
     <span class='ocr_line' id='line_1_9' title="bbox 176 982 751 1054; baseline -0.002 -18"><span class='ocrx_word' id='word_1_100' title='bbox 176 984 323 1054; x_wconf 71' lang='lat' dir='ltr'><strong><em>Iigendttm</em></strong></span> <span class='ocrx_word' id='word_1_101' title='bbox 337 991 416 1053; x_wconf 83' lang='lat' dir='ltr'><strong><em>puto.</em></strong></span> <span class='ocrx_word' id='word_1_102' title='bbox 454 985 487 1038; x_wconf 90' lang='lat' dir='ltr'><strong><em>iu</em></strong></span> <span class='ocrx_word' id='word_1_103' title='bbox 507 984 589 1037; x_wconf 90' lang='lat' dir='ltr'><strong><em>editis</em></strong></span> <span class='ocrx_word' id='word_1_104' title='bbox 609 982 686 1037; x_wconf 87' lang='lat' dir='ltr'><strong><em>deest</em></strong></span> <span class='ocrx_word' id='word_1_105' title='bbox 703 987 751 1035; x_wconf 89' lang='lat' dir='ltr'><strong><em>sit.</em></strong></span> 
     </span>
    </p>

    <p class='ocr_par' dir='ltr' id='par_1_3' title="bbox 176 1053 1500 1281">
     <span class='ocr_line' id='line_1_10' title="bbox 254 1053 1498 1127; baseline 0 -16"><span class='ocrx_word' id='word_1_106' title='bbox 254 1059 357 1114; x_wconf 65' lang='lat' dir='ltr'><strong><em>*Cum</em></strong></span> <span class='ocrx_word' id='word_1_107' title='bbox 376 1059 465 1112; x_wconf 81' lang='lat' dir='ltr'>XXV.</span> <span class='ocrx_word' id='word_1_108' title='bbox 492 1057 619 1111; x_wconf 78' lang='lat' dir='ltr'><strong><em>Terram</em></strong></span> <span class='ocrx_word' id='word_1_109' title='bbox 645 1058 697 1109; x_wconf 85' lang='lat' dir='ltr'><strong><em>tibi</em></strong></span> <span class='ocrx_word' id='word_1_110' title='bbox 721 1065 772 1108; x_wconf 81' lang='lat' dir='ltr'><strong><em>aut</em></strong></span> <span class='ocrx_word' id='word_1_111' title='bbox 790 1056 854 1127; x_wconf 85' lang='lat' dir='ltr'><strong><em>ltoe]</em></strong></span> <span class='ocrx_word' id='word_1_112' title='bbox 881 1059 1030 1110; x_wconf 86' lang='lat' dir='ltr'><strong><em>Venostius</em></strong></span> <span class='ocrx_word' id='word_1_113' title='bbox 1050 1054 1128 1110; x_wconf 80' lang='lat' dir='ltr'><strong><em>ebert</em></strong></span> <span class='ocrx_word' id='word_1_114' title='bbox 1146 1058 1223 1113; x_wconf 71' lang='lat' dir='ltr'><strong><em>AUT</em></strong></span> <span class='ocrx_word' id='word_1_115' title='bbox 1242 1072 1259 1108; x_wconf 85' lang='lat' dir='ltr'><strong><em>st</em></strong></span> <span class='ocrx_word' id='word_1_116' title='bbox 1277 1053 1358 1109; x_wconf 85' lang='lat' dir='ltr'>codd.</span> <span class='ocrx_word' id='word_1_117' title='bbox 1378 1062 1498 1111; x_wconf 87' lang='lat' dir='ltr'><strong><em>nostris:</em></strong></span> 
     </span>
     <span class='ocr_line' id='line_1_11' title="bbox 178 1131 1500 1203; baseline -0.001 -16"><span class='ocrx_word' id='word_1_118' title='bbox 178 1132 307 1189; x_wconf 76' lang='lat' dir='ltr'><strong><em>Terram</em></strong></span> <span class='ocrx_word' id='word_1_119' title='bbox 325 1133 392 1197; x_wconf 81' lang='lat' dir='ltr'><strong><em>tiit,</em></strong></span> <span class='ocrx_word' id='word_1_120' title='bbox 413 1131 464 1186; x_wconf 74' lang='lat' dir='ltr'><strong><em>hoc</em></strong></span> <span class='ocrx_word' id='word_1_121' title='bbox 483 1133 615 1185; x_wconf 83' lang='lat' dir='ltr'><strong><em>nebuloso</em></strong></span> <span class='ocrx_word' id='word_1_122' title='bbox 632 1141 662 1184; x_wconf 90' lang='lat' dir='ltr'><strong><em>et</em></strong></span> <span class='ocrx_word' id='word_1_123' title='bbox 679 1133 836 1203; x_wconf 78' lang='lat' dir='ltr'><strong><em>caliginoso</em></strong></span> <span class='ocrx_word' id='word_1_124' title='bbox 855 1132 941 1186; x_wconf 85' lang='lat' dir='ltr'><strong><em>caelo.</em></strong></span> <span class='ocrx_word' id='word_1_125' title='bbox 980 1134 1009 1186; x_wconf 83' lang='lat' dir='ltr'><strong><em>Si</em></strong></span> <span class='ocrx_word' id='word_1_126' title='bbox 1029 1140 1080 1184; x_wconf 83' lang='lat' dir='ltr'><strong><em>aut</em></strong></span> <span class='ocrx_word' id='word_1_127' title='bbox 1099 1137 1217 1200; x_wconf 85' lang='lat' dir='ltr'><strong><em>inseris,</em></strong></span> <span class='ocrx_word' id='word_1_128' title='bbox 1242 1147 1301 1185; x_wconf 87' lang='lat' dir='ltr'><strong><em>tum</em></strong></span> <span class='ocrx_word' id='word_1_129' title='bbox 1327 1141 1433 1185; x_wconf 88' lang='lat' dir='ltr'><strong><em>terram</em></strong></span> <span class='ocrx_word' id='word_1_130' title='bbox 1451 1133 1500 1186; x_wconf 83' lang='lat' dir='ltr'><strong><em>hio</em></strong></span> 
     </span>
     <span class='ocr_line' id='line_1_12' title="bbox 176 1205 1354 1281; baseline -0.002 -18"><span class='ocrx_word' id='word_1_131' title='bbox 176 1207 300 1269; x_wconf 74' lang='lat' dir='ltr'><strong><em>tolldsm</em></strong></span> <span class='ocrx_word' id='word_1_132' title='bbox 321 1224 349 1263; x_wconf 88' lang='lat' dir='ltr'><strong><em>et</em></strong></span> <span class='ocrx_word' id='word_1_133' title='bbox 370 1206 476 1261; x_wconf 79' lang='lat' dir='ltr'><strong><em>aridum</em></strong></span> <span class='ocrx_word' id='word_1_134' title='bbox 496 1208 649 1280; x_wconf 76' lang='lat' dir='ltr'><strong><em>intelliges:</em></strong></span> <span class='ocrx_word' id='word_1_135' title='bbox 669 1207 742 1281; x_wconf 91' lang='lat' dir='ltr'><strong><em>quod</em></strong></span> <span class='ocrx_word' id='word_1_136' title='bbox 763 1205 918 1262; x_wconf 76' lang='lat' dir='ltr'><strong><em>absmdum.</em></strong></span> <span class='ocrx_word' id='word_1_137' title='bbox 1351 1212 1354 1221; x_wconf 86' lang='grc'><em>“</em></span> 
     </span>
    </p>

    <p class='ocr_par' dir='ltr' id='par_1_4' title="bbox 173 1276 1569 2258">
     <span class='ocr_line' id='line_1_13' title="bbox 238 1276 1569 1355; baseline -0.003 -19"><span class='ocrx_word' id='word_1_138' title='bbox 238 1276 294 1336; x_wconf 86' lang='lat' dir='ltr'><strong><em>&#39;lb</em></strong></span> <span class='ocrx_word' id='word_1_139' title='bbox 305 1282 347 1336; x_wconf 89' lang='lat' dir='ltr'><strong><em>id.</em></strong></span> <span class='ocrx_word' id='word_1_140' title='bbox 369 1283 463 1352; x_wconf 80' lang='lat' dir='ltr'><strong><em>Quid?</em></strong></span> <span class='ocrx_word' id='word_1_141' title='bbox 482 1284 532 1335; x_wconf 85' lang='lat' dir='ltr'><strong><em>ilia</em></strong></span> <span class='ocrx_word' id='word_1_142' title='bbox 544 1290 599 1348; x_wconf 89' lang='lat' dir='ltr'><strong><em>vis,</em></strong></span> <span class='ocrx_word' id='word_1_143' title='bbox 617 1302 686 1355; x_wconf 77' lang='lat' dir='ltr'><strong><em>petae</em></strong></span> <span class='ocrx_word' id='word_1_144' title='bbox 699 1283 812 1335; x_wconf 84' lang='lat' dir='ltr'><strong><em>tandem</em></strong></span> <span class='ocrx_word' id='word_1_145' title='bbox 830 1292 883 1347; x_wconf 86' lang='lat' dir='ltr'><strong><em>est,</em></strong></span> <span class='ocrx_word' id='word_1_146' title='bbox 903 1300 972 1354; x_wconf 84' lang='lat' dir='ltr'><strong><em>quae</em></strong></span> <span class='ocrx_word' id='word_1_147' title='bbox 993 1286 1152 1351; x_wconf 72' lang='lat' dir='ltr'><strong><em>investigat</em></strong></span> <span class='ocrx_word' id='word_1_148' title='bbox 1170 1281 1288 1346; x_wconf 84' lang='lat' dir='ltr'><strong><em>occulta,</em></strong></span> <span class='ocrx_word' id='word_1_149' title='bbox 1307 1300 1377 1352; x_wconf 76' lang='lat' dir='ltr'><strong><em>quae</em></strong></span> <span class='ocrx_word' id='word_1_150' title='bbox 1393 1286 1499 1335; x_wconf 85' lang='lat' dir='ltr'><strong><em>invert-</em></strong></span> <span class='ocrx_word' id='word_1_151' title='bbox 1565 1332 1569 1341; x_wconf 82' lang='lat'>‚</span> 
     </span>
     <span class='ocr_line' id='line_1_14' title="bbox 177 1357 1500 1430; baseline 0.002 -21"><span class='ocrx_word' id='word_1_152' title='bbox 177 1363 222 1409; x_wconf 89' lang='lat' dir='ltr'><strong><em>tio</em></strong></span> <span class='ocrx_word' id='word_1_153' title='bbox 239 1367 322 1430; x_wconf 81' lang='lat' dir='ltr'><strong><em>atque</em></strong></span> <span class='ocrx_word' id='word_1_154' title='bbox 341 1363 517 1427; x_wconf 71' lang='lat' dir='ltr'><strong><em>excogitatio</em></strong></span> <span class='ocrx_word' id='word_1_155' title='bbox 535 1358 660 1411; x_wconf 78' lang='lat' dir='ltr'><strong><em>dicitur?</em></strong></span> <span class='ocrx_word' id='word_1_156' title='bbox 684 1358 733 1411; x_wconf 75' lang='lat' dir='ltr'><strong><em>Ea</em></strong></span> <span class='ocrx_word' id='word_1_157' title='bbox 749 1357 837 1411; x_wconf 82' lang='lat' dir='ltr'><strong><em>hacne</em></strong></span> <span class='ocrx_word' id='word_1_158' title='bbox 857 1357 910 1410; x_wconf 86' lang='lat' dir='ltr'><strong><em>tibi</em></strong></span> <span class='ocrx_word' id='word_1_159' title='bbox 928 1367 1043 1410; x_wconf 89' lang='lat' dir='ltr'><strong><em>terrena</em></strong></span> <span class='ocrx_word' id='word_1_160' title='bbox 1060 1358 1227 1427; x_wconf 77' lang='lat' dir='ltr'><strong><em>mortalique</em></strong></span> <span class='ocrx_word' id='word_1_161' title='bbox 1245 1365 1350 1407; x_wconf 83' lang='lat' dir='ltr'><strong><em>natura</em></strong></span> <span class='ocrx_word' id='word_1_162' title='bbox 1369 1373 1500 1411; x_wconf 74' lang='lat' dir='ltr'><strong><em>concrete</em></strong></span> 
     </span>
     <span class='ocr_line' id='line_1_15' title="bbox 178 1431 1500 1508; baseline -0.002 -21"><span class='ocrx_word' id='word_1_163' title='bbox 178 1450 213 1487; x_wconf 76' lang='lat' dir='ltr'><strong><em>ea</em></strong></span> <span class='ocrx_word' id='word_1_164' title='bbox 237 1434 372 1487; x_wconf 79' lang='lat' dir='ltr'><strong><em>videtur?</em></strong></span> <span class='ocrx_word' id='word_1_165' title='bbox 403 1442 454 1485; x_wconf 87' lang='lat' dir='ltr'><strong><em>aut</em></strong></span> <span class='ocrx_word' id='word_1_166' title='bbox 478 1439 525 1503; x_wconf 83' lang='lat' dir='ltr'><strong><em>qui</em></strong></span> <span class='ocrx_word' id='word_1_167' title='bbox 546 1440 656 1506; x_wconf 81' lang='lat' dir='ltr'><strong><em>primus</em></strong></span> <span class='ocrx_word' id='word_1_168' title='bbox 683 1434 769 1508; x_wconf 77' lang='lat' dir='ltr'><strong><em>(quod</em></strong></span> <span class='ocrx_word' id='word_1_169' title='bbox 791 1452 914 1485; x_wconf 84' lang='lat' dir='ltr'><strong><em>summae</em></strong></span> <span class='ocrx_word' id='word_1_170' title='bbox 940 1437 1096 1503; x_wconf 77' lang='lat' dir='ltr'><strong><em>sapientiae</em></strong></span> <span class='ocrx_word' id='word_1_171' title='bbox 1120 1431 1305 1505; x_wconf 70' lang='lat' dir='ltr'><strong><em>Pythagorae</em></strong></span> <span class='ocrx_word' id='word_1_172' title='bbox 1328 1437 1421 1484; x_wconf 83' lang='lat' dir='ltr'><strong><em>visum</em></strong></span> <span class='ocrx_word' id='word_1_173' title='bbox 1445 1431 1500 1507; x_wconf 83' lang='lat' dir='ltr'><strong><em>est)</em></strong></span> 
     </span>
     <span class='ocr_line' id='line_1_16' title="bbox 178 1507 1503 1583; baseline -0.002 -21"><span class='ocrx_word' id='word_1_174' title='bbox 178 1510 307 1583; x_wconf 74' lang='lat' dir='ltr'><strong><em>omrtibus</em></strong></span> <span class='ocrx_word' id='word_1_175' title='bbox 324 1508 407 1559; x_wconf 85' lang='lat' dir='ltr'><strong><em>rebus</em></strong></span> <span class='ocrx_word' id='word_1_176' title='bbox 425 1514 556 1582; x_wconf 84' lang='lat' dir='ltr'><strong><em>imposuit</em></strong></span> <span class='ocrx_word' id='word_1_177' title='bbox 572 1510 708 1563; x_wconf 78' lang='lat' dir='ltr'><strong><em>nomina?</em></strong></span> <span class='ocrx_word' id='word_1_178' title='bbox 731 1519 783 1561; x_wconf 83' lang='lat' dir='ltr'><strong><em>aut</em></strong></span> <span class='ocrx_word' id='word_1_179' title='bbox 807 1515 854 1579; x_wconf 82' lang='lat' dir='ltr'><strong><em>qui</em></strong></span> <span class='ocrx_word' id='word_1_180' title='bbox 872 1508 1023 1580; x_wconf 80' lang='lat' dir='ltr'><strong><em>dissipatos</em></strong></span> <span class='ocrx_word' id='word_1_181' title='bbox 1041 1507 1164 1559; x_wconf 74' lang='lat' dir='ltr'><strong><em>homines</em></strong></span> <span class='ocrx_word' id='word_1_182' title='bbox 1182 1513 1388 1577; x_wconf 71' lang='lat' dir='ltr'><strong><em>congregavit,</em></strong></span> <span class='ocrx_word' id='word_1_183' title='bbox 1414 1515 1443 1559; x_wconf 88' lang='lat' dir='ltr'><strong><em>et</em></strong></span> <span class='ocrx_word' id='word_1_184' title='bbox 1462 1507 1503 1559; x_wconf 81' lang='lat' dir='ltr'><strong><em>ad</em></strong></span> 
     </span>
     <span class='ocr_line' id='line_1_17' title="bbox 178 1582 1500 1655; baseline 0 -20"><span class='ocrx_word' id='word_1_185' title='bbox 178 1590 342 1636; x_wconf 85' lang='lat' dir='ltr'><strong><em>societatem</em></strong></span> <span class='ocrx_word' id='word_1_186' title='bbox 360 1589 438 1634; x_wconf 84' lang='lat' dir='ltr'><strong><em>vitae</em></strong></span> <span class='ocrx_word' id='word_1_187' title='bbox 457 1585 645 1637; x_wconf 80' lang='lat' dir='ltr'><strong><em>convocavit?</em></strong></span> <span class='ocrx_word' id='word_1_188' title='bbox 664 1593 714 1636; x_wconf 85' lang='lat' dir='ltr'><strong><em>eut</em></strong></span> <span class='ocrx_word' id='word_1_189' title='bbox 725 1590 772 1655; x_wconf 77' lang='lat' dir='ltr'><strong><em>qtsi</em></strong></span> <span class='ocrx_word' id='word_1_190' title='bbox 784 1601 869 1636; x_wconf 89' lang='lat' dir='ltr'><strong><em>sonos</em></strong></span> <span class='ocrx_word' id='word_1_191' title='bbox 880 1590 960 1639; x_wconf 85' lang='lat' dir='ltr'><strong><em>vocis</em></strong></span> <span class='ocrx_word' id='word_1_192' title='bbox 973 1584 1037 1650; x_wconf 75' lang='lat' dir='ltr'><strong><em>eet]</em></strong></span> <span class='ocrx_word' id='word_1_193' title='bbox 1065 1583 1141 1635; x_wconf 87' lang='lat' dir='ltr'><strong><em>Scire</em></strong></span> <span class='ocrx_word' id='word_1_194' title='bbox 1162 1582 1288 1652; x_wconf 86' lang='lat' dir='ltr'><strong><em>equidem</em></strong></span> <span class='ocrx_word' id='word_1_195' title='bbox 1309 1600 1342 1635; x_wconf 79' lang='lat' dir='ltr'><strong><em>ex</em></strong></span> <span class='ocrx_word' id='word_1_196' title='bbox 1361 1598 1388 1635; x_wconf 89' lang='lat' dir='ltr'><strong><em>tc</em></strong></span> <span class='ocrx_word' id='word_1_197' title='bbox 1406 1582 1500 1648; x_wconf 76' lang='lat' dir='ltr'><strong><em>veiim,</em></strong></span> 
     </span>
     <span class='ocr_line' id='line_1_18' title="bbox 180 1657 1502 1732; baseline -0.003 -19"><span class='ocrx_word' id='word_1_198' title='bbox 180 1676 238 1731; x_wconf 83' lang='lat' dir='ltr'><strong><em>quo</em></strong></span> <span class='ocrx_word' id='word_1_199' title='bbox 258 1657 410 1712; x_wconf 76' lang='lat' dir='ltr'><strong><em>reieesotur</em></strong></span> <span class='ocrx_word' id='word_1_200' title='bbox 428 1657 476 1711; x_wconf 77' lang='lat' dir='ltr'><strong><em>ilis</em></strong></span> <span class='ocrx_word' id='word_1_201' title='bbox 497 1666 578 1713; x_wconf 86' lang='lat' dir='ltr'><strong><em>toties</em></strong></span> <span class='ocrx_word' id='word_1_202' title='bbox 599 1660 646 1712; x_wconf 87' lang='lat' dir='ltr'><strong><em>hic</em></strong></span> <span class='ocrx_word' id='word_1_203' title='bbox 666 1665 782 1732; x_wconf 84' lang='lat' dir='ltr'><strong><em>repetitu</em></strong></span> <span class='ocrx_word' id='word_1_204' title='bbox 801 1662 864 1711; x_wconf 85' lang='lat' dir='ltr'><strong><em>Ant</em></strong></span> <span class='ocrx_word' id='word_1_205' title='bbox 882 1665 944 1731; x_wconf 79' lang='lat' dir='ltr'><strong><em>qui:</em></strong></span> <span class='ocrx_word' id='word_1_206' title='bbox 969 1676 1026 1711; x_wconf 87' lang='lat' dir='ltr'><strong><em>non</em></strong></span> <span class='ocrx_word' id='word_1_207' title='bbox 1051 1662 1125 1710; x_wconf 90' lang='lat' dir='ltr'><strong><em>enim</em></strong></span> <span class='ocrx_word' id='word_1_208' title='bbox 1152 1657 1232 1711; x_wconf 81' lang='lat' dir='ltr'><strong><em>video</em></strong></span> <span class='ocrx_word' id='word_1_209' title='bbox 1258 1674 1388 1728; x_wconf 85' lang='lat' dir='ltr'><strong><em>quorsum</em></strong></span> <span class='ocrx_word' id='word_1_210' title='bbox 1415 1662 1502 1730; x_wconf 90' lang='lat' dir='ltr'><strong><em>perti-</em></strong></span> 
     </span>
     <span class='ocr_line' id='line_1_19' title="bbox 179 1734 1500 1806; baseline -0.001 -19"><span class='ocrx_word' id='word_1_211' title='bbox 179 1749 282 1800; x_wconf 73' lang='lat' dir='ltr'><strong><em>neant,</em></strong></span> <span class='ocrx_word' id='word_1_212' title='bbox 309 1752 397 1806; x_wconf 82' lang='lat' dir='ltr'><strong><em>neque</em></strong></span> <span class='ocrx_word' id='word_1_213' title='bbox 417 1734 503 1788; x_wconf 84' lang='lat' dir='ltr'><strong><em>ullum</em></strong></span> <span class='ocrx_word' id='word_1_214' title='bbox 524 1740 627 1788; x_wconf 82' lang='lat' dir='ltr'><strong><em>exitum</em></strong></span> <span class='ocrx_word' id='word_1_215' title='bbox 646 1739 780 1789; x_wconf 74' lang='lat' dir='ltr'><strong><em>orationis</em></strong></span> <span class='ocrx_word' id='word_1_216' title='bbox 800 1739 926 1788; x_wconf 77' lang='lat' dir='ltr'><strong><em>invenio:</em></strong></span> <span class='ocrx_word' id='word_1_217' title='bbox 965 1734 1020 1786; x_wconf 87' lang='lat' dir='ltr'><strong><em>Tot</em></strong></span> <span class='ocrx_word' id='word_1_218' title='bbox 1040 1750 1105 1805; x_wconf 78' lang='lat' dir='ltr'><strong><em>ergo</em></strong></span> <span class='ocrx_word' id='word_1_219' title='bbox 1125 1749 1215 1785; x_wconf 83' lang='lat' dir='ltr'><strong><em>rerum</em></strong></span> <span class='ocrx_word' id='word_1_220' title='bbox 1234 1736 1408 1799; x_wconf 82' lang='lat' dir='ltr'><strong><em>inventores,</em></strong></span> <span class='ocrx_word' id='word_1_221' title='bbox 1432 1749 1500 1804; x_wconf 85' lang='lat' dir='ltr'><strong><em>quos</em></strong></span> 
     </span>
     <span class='ocr_line' id='line_1_20' title="bbox 173 1804 1506 1880; baseline -0.002 -17"><span class='ocrx_word' id='word_1_222' title='bbox 173 1809 230 1864; x_wconf 79' lang='lat' dir='ltr'><strong><em>iric</em></strong></span> <span class='ocrx_word' id='word_1_223' title='bbox 257 1824 416 1875; x_wconf 78' lang='lat' dir='ltr'><strong><em>enumeret,</em></strong></span> <span class='ocrx_word' id='word_1_224' title='bbox 441 1814 602 1874; x_wconf 83' lang='lat' dir='ltr'><strong><em>nominum,</em></strong></span> <span class='ocrx_word' id='word_1_225' title='bbox 630 1810 787 1874; x_wconf 78' lang='lat' dir='ltr'><strong><em>literarum,</em></strong></span> <span class='ocrx_word' id='word_1_226' title='bbox 817 1813 1018 1873; x_wconf 66' lang='lat' dir='ltr'><strong><em>astronomiae,</em></strong></span> <span class='ocrx_word' id='word_1_227' title='bbox 1043 1804 1167 1880; x_wconf 79' lang='lat' dir='ltr'><strong><em>frugum,</em></strong></span> <span class='ocrx_word' id='word_1_228' title='bbox 1196 1812 1328 1873; x_wconf 84' lang='lat' dir='ltr'><strong><em>vestium,</em></strong></span> <span class='ocrx_word' id='word_1_229' title='bbox 1356 1822 1506 1875; x_wconf 82' lang='lat' dir='ltr'><strong><em>tectorum,</em></strong></span> 
     </span>
     <span class='ocr_line' id='line_1_21' title="bbox 181 1882 1502 1957; baseline -0.001 -19"><span class='ocrx_word' id='word_1_230' title='bbox 181 1884 269 1956; x_wconf 81' lang='lat' dir='ltr'><strong><em>quidi</em></strong></span> <span class='ocrx_word' id='word_1_231' title='bbox 288 1884 354 1957; x_wconf 87' lang='lat' dir='ltr'><strong><em>quid</em></strong></span> <span class='ocrx_word' id='word_1_232' title='bbox 373 1900 457 1957; x_wconf 76' lang='lat' dir='ltr'><strong><em>agunt</em></strong></span> <span class='ocrx_word' id='word_1_233' title='bbox 477 1884 519 1937; x_wconf 84' lang='lat' dir='ltr'><strong><em>tel</em></strong></span> <span class='ocrx_word' id='word_1_234' title='bbox 538 1883 605 1957; x_wconf 90' lang='lat' dir='ltr'><strong><em>quid</em></strong></span> <span class='ocrx_word' id='word_1_235' title='bbox 624 1902 687 1939; x_wconf 87' lang='lat' dir='ltr'><strong><em>eunt</em></strong></span> <span class='ocrx_word' id='word_1_236' title='bbox 707 1884 844 1955; x_wconf 78' lang='lat' dir='ltr'><strong><em>denique?</em></strong></span> <span class='ocrx_word' id='word_1_237' title='bbox 863 1884 935 1937; x_wconf 89' lang='lat' dir='ltr'><strong><em>nihii</em></strong></span> <span class='ocrx_word' id='word_1_238' title='bbox 954 1886 1078 1948; x_wconf 87' lang='lat' dir='ltr'><strong><em>omnino,</em></strong></span> <span class='ocrx_word' id='word_1_239' title='bbox 1098 1898 1129 1936; x_wconf 90' lang='lat' dir='ltr'><strong><em>ut</em></strong></span> <span class='ocrx_word' id='word_1_240' title='bbox 1145 1883 1256 1953; x_wconf 88' lang='lat' dir='ltr'><strong><em>quidem</em></strong></span> <span class='ocrx_word' id='word_1_241' title='bbox 1269 1883 1316 1936; x_wconf 88' lang='lat' dir='ltr'><strong><em>hie</em></strong></span> <span class='ocrx_word' id='word_1_242' title='bbox 1328 1882 1406 1936; x_wconf 84' lang='lat' dir='ltr'><strong><em>locut</em></strong></span> <span class='ocrx_word' id='word_1_243' title='bbox 1420 1882 1502 1956; x_wconf 75' lang='lat' dir='ltr'><strong><em>vulgo</em></strong></span> 
     </span>
     <span class='ocr_line' id='line_1_22' title="bbox 180 1954 1503 2032; baseline -0.008 -15"><span class='ocrx_word' id='word_1_244' title='bbox 180 1978 258 2017; x_wconf 81' lang='lat' dir='ltr'><strong><em>nuuc</em></strong></span> <span class='ocrx_word' id='word_1_245' title='bbox 276 1959 385 2031; x_wconf 77' lang='lat' dir='ltr'><strong><em>iegitur.</em></strong></span> <span class='ocrx_word' id='word_1_246' title='bbox 423 1960 465 2012; x_wconf 83' lang='lat' dir='ltr'><strong><em>To</em></strong></span> <span class='ocrx_word' id='word_1_247' title='bbox 486 1978 549 2013; x_wconf 76' lang='lat' dir='ltr'><strong><em>vero</em></strong></span> <span class='ocrx_word' id='word_1_248' title='bbox 569 1966 628 2013; x_wconf 86' lang='lat' dir='ltr'><strong><em>tine</em></strong></span> <span class='ocrx_word' id='word_1_249' title='bbox 648 1959 822 2014; x_wconf 75' lang='lat' dir='ltr'><strong><em>dubitatione</em></strong></span> <span class='ocrx_word' id='word_1_250' title='bbox 842 1976 959 2032; x_wconf 73' lang='lat' dir='ltr'><strong><em>repone,</em></strong></span> <span class='ocrx_word' id='word_1_251' title='bbox 985 1957 1032 2010; x_wconf 79' lang='lat' dir='ltr'><strong><em>Ex</em></strong></span> <span class='ocrx_word' id='word_1_252' title='bbox 1056 1956 1346 2010; x_wconf 63' lang='lat' dir='ltr'><strong><em>tormentcrum</em></strong></span> <span class='ocrx_word' id='word_1_253' title='bbox 1367 1954 1503 2011; x_wconf 52' lang='lat' dir='ltr'><strong><em>mortatiss</em></strong></span> 
     </span>
     <span class='ocr_line' id='line_1_23' title="bbox 180 2033 1502 2107; baseline -0.001 -21"><span class='ocrx_word' id='word_1_254' title='bbox 180 2054 232 2107; x_wconf 77' lang='lat' dir='ltr'><strong><em>que</em></strong></span> <span class='ocrx_word' id='word_1_255' title='bbox 251 2044 356 2089; x_wconf 82' lang='lat' dir='ltr'><strong><em>natura</em></strong></span> <span class='ocrx_word' id='word_1_256' title='bbox 376 2034 594 2089; x_wconf 67' lang='lat' dir='ltr'><strong><em>concutitis</em></strong></span> <span class='ocrx_word' id='word_1_257' title='bbox 614 2036 646 2090; x_wconf 83' lang='lat' dir='ltr'><strong><em>is</em></strong></span> <span class='ocrx_word' id='word_1_258' title='bbox 665 2035 795 2100; x_wconf 85' lang='lat' dir='ltr'><strong><em>videtur,</em></strong></span> <span class='ocrx_word' id='word_1_259' title='bbox 815 2044 866 2086; x_wconf 84' lang='lat' dir='ltr'><strong><em>avt</em></strong></span> <span class='ocrx_word' id='word_1_260' title='bbox 884 2039 931 2105; x_wconf 81' lang='lat' dir='ltr'><strong><em>qni</em></strong></span> <span class='ocrx_word' id='word_1_261' title='bbox 944 2039 1054 2105; x_wconf 82' lang='lat' dir='ltr'><strong><em>primus</em></strong></span> <span class='ocrx_word' id='word_1_262' title='bbox 1072 2061 1108 2076; x_wconf 88' lang='lat'><em>-</em></span> <span class='ocrx_word' id='word_1_263' title='bbox 1127 2034 1253 2085; x_wconf 84' lang='lat' dir='ltr'><strong><em>omnibns</em></strong></span> <span class='ocrx_word' id='word_1_264' title='bbox 1271 2033 1353 2085; x_wconf 73' lang='lat' dir='ltr'><strong><em>rebus</em></strong></span> <span class='ocrx_word' id='word_1_265' title='bbox 1370 2038 1502 2105; x_wconf 81' lang='lat' dir='ltr'><strong><em>imposuit</em></strong></span> 
     </span>
     <span class='ocr_line' id='line_1_24' title="bbox 180 2107 1501 2180; baseline -0.002 -15"><span class='ocrx_word' id='word_1_266' title='bbox 180 2116 314 2169; x_wconf 67' lang='lat' dir='ltr'><strong><em>nominat</em></strong></span> <span class='ocrx_word' id='word_1_267' title='bbox 339 2117 391 2160; x_wconf 82' lang='lat' dir='ltr'><strong><em>aut</em></strong></span> <span class='ocrx_word' id='word_1_268' title='bbox 408 2113 455 2180; x_wconf 82' lang='lat' dir='ltr'><strong><em>qui</em></strong></span> <span class='ocrx_word' id='word_1_269' title='bbox 473 2125 527 2163; x_wconf 85' lang='lat' dir='ltr'><strong><em>eet.</em></strong></span> <span class='ocrx_word' id='word_1_270' title='bbox 572 2111 633 2163; x_wconf 83' lang='lat' dir='ltr'><strong><em>Hoc</em></strong></span> <span class='ocrx_word' id='word_1_271' title='bbox 652 2128 708 2168; x_wconf 81' lang='lat' dir='ltr'><strong><em>est:</em></strong></span> <span class='ocrx_word' id='word_1_272' title='bbox 734 2109 841 2164; x_wconf 84' lang='lat' dir='ltr'><strong><em>nihilne</em></strong></span> <span class='ocrx_word' id='word_1_273' title='bbox 868 2108 998 2163; x_wconf 79' lang='lat' dir='ltr'><strong><em>divinitus</em></strong></span> <span class='ocrx_word' id='word_1_274' title='bbox 1025 2108 1139 2176; x_wconf 77' lang='lat' dir='ltr'><strong><em>hebuit,</em></strong></span> <span class='ocrx_word' id='word_1_275' title='bbox 1163 2107 1235 2162; x_wconf 88' lang='lat' dir='ltr'><strong><em>nihil</em></strong></span> <span class='ocrx_word' id='word_1_276' title='bbox 1260 2122 1342 2163; x_wconf 77' lang='lat' dir='ltr'><strong><em>auree</em></strong></span> <span class='ocrx_word' id='word_1_277' title='bbox 1362 2108 1501 2176; x_wconf 73' lang='lat' dir='ltr'><strong><em>caelestis,</em></strong></span> 
     </span>
     <span class='ocr_line' id='line_1_25' title="bbox 181 2182 1159 2258; baseline -0.003 -18"><span class='ocrx_word' id='word_1_278' title='bbox 181 2186 256 2240; x_wconf 83' lang='lat' dir='ltr'><strong><em>nihil</em></strong></span> <span class='ocrx_word' id='word_1_279' title='bbox 274 2189 347 2258; x_wconf 77' lang='lat' dir='ltr'><strong><em>iguis</em></strong></span> <span class='ocrx_word' id='word_1_280' title='bbox 367 2186 499 2239; x_wconf 76' lang='lat' dir='ltr'><strong><em>aetherii?</em></strong></span> <span class='ocrx_word' id='word_1_281' title='bbox 519 2190 594 2238; x_wconf 85' lang='lat' dir='ltr'><strong><em>noeti</em></strong></span> <span class='ocrx_word' id='word_1_282' title='bbox 615 2184 682 2238; x_wconf 90' lang='lat' dir='ltr'><strong><em>illud</em></strong></span> <span class='ocrx_word' id='word_1_283' title='bbox 703 2187 823 2238; x_wconf 83' lang='lat' dir='ltr'><strong><em>Lucretii</em></strong></span> <span class='ocrx_word' id='word_1_284' title='bbox 844 2182 879 2237; x_wconf 81' lang='lat' dir='ltr'><strong><em>de&#39;</em></strong></span> <span class='ocrx_word' id='word_1_285' title='bbox 897 2182 1081 2257; x_wconf 74' lang='lat' dir='ltr'><strong><em>Empedocles</em></strong></span> <span class='ocrx_word' id='word_1_286' title='bbox 1155 2192 1159 2203; x_wconf 80' lang='grc'><strong><em>’</em></strong></span> 
     </span>
    </p>

    <p class='ocr_par' dir='ltr' id='par_1_5' title="bbox 151 2260 1503 2557">
     <span class='ocr_line' id='line_1_26' title="bbox 520 2260 1169 2331; baseline 0.002 -19"><span class='ocrx_word' id='word_1_287' title='bbox 520 2260 560 2312; x_wconf 81' lang='lat' dir='ltr'><strong><em>Ut</em></strong></span> <span class='ocrx_word' id='word_1_288' title='bbox 576 2266 629 2312; x_wconf 72' lang='lat' dir='ltr'><strong><em>vix</em></strong></span> <span class='ocrx_word' id='word_1_289' title='bbox 647 2262 763 2312; x_wconf 77' lang='lat' dir='ltr'><strong><em>mortali</em></strong></span> <span class='ocrx_word' id='word_1_290' title='bbox 781 2260 914 2313; x_wconf 84' lang='lat' dir='ltr'><strong><em>videatur</em></strong></span> <span class='ocrx_word' id='word_1_291' title='bbox 934 2277 1049 2331; x_wconf 79' lang='lat' dir='ltr'><strong><em>corpore</em></strong></span> <span class='ocrx_word' id='word_1_292' title='bbox 1068 2267 1169 2313; x_wconf 84' lang='lat' dir='ltr'><strong><em>cretus.</em></strong></span> 
     </span>
     <span class='ocr_line' id='line_1_27' title="bbox 182 2329 1501 2407; baseline -0.002 -18"><span class='ocrx_word' id='word_1_293' title='bbox 182 2335 315 2389; x_wconf 80' lang='lat' dir='ltr'><strong><em>Ceterum</em></strong></span> <span class='ocrx_word' id='word_1_294' title='bbox 335 2350 392 2387; x_wconf 75' lang='lat' dir='ltr'><strong><em>tum</em></strong></span> <span class='ocrx_word' id='word_1_295' title='bbox 413 2350 492 2407; x_wconf 88' lang='lat' dir='ltr'><strong><em>turpe</em></strong></span> <span class='ocrx_word' id='word_1_296' title='bbox 512 2334 643 2388; x_wconf 87' lang='lat' dir='ltr'><strong><em>mendum</em></strong></span> <span class='ocrx_word' id='word_1_297' title='bbox 662 2335 854 2388; x_wconf 77' lang='lat' dir='ltr'><strong><em>Librariorum</em></strong></span> <span class='ocrx_word' id='word_1_298' title='bbox 873 2333 992 2389; x_wconf 85' lang='lat' dir='ltr'><strong><em>solemni</em></strong></span> <span class='ocrx_word' id='word_1_299' title='bbox 1012 2332 1142 2387; x_wconf 84' lang='lat' dir='ltr'><strong><em>uudteioe</em></strong></span> <span class='ocrx_word' id='word_1_300' title='bbox 1168 2346 1312 2404; x_wconf 77' lang='lat' dir='ltr'><strong><em>acceptum</em></strong></span> <span class='ocrx_word' id='word_1_301' title='bbox 1339 2329 1501 2387; x_wconf 79' lang='lat' dir='ltr'><strong><em>referimus:</em></strong></span> 
     </span>
     <span class='ocr_line' id='line_1_28' title="bbox 151 2404 1502 2484; baseline -0.001 -20"><span class='ocrx_word' id='word_1_302' title='bbox 151 2422 155 2429; x_wconf 90' lang='grc'><strong>’</strong></span> <span class='ocrx_word' id='word_1_303' title='bbox 182 2427 270 2484; x_wconf 76' lang='lat' dir='ltr'><strong><em>quum</em></strong></span> <span class='ocrx_word' id='word_1_304' title='bbox 290 2414 363 2464; x_wconf 84' lang='lat' dir='ltr'><strong><em>enim</em></strong></span> <span class='ocrx_word' id='word_1_305' title='bbox 383 2416 566 2482; x_wconf 72' lang='lat' dir='ltr'><strong><em>praecesserat</em></strong></span> <span class='ocrx_word' id='word_1_306' title='bbox 586 2416 711 2463; x_wconf 85' lang='lat' dir='ltr'><strong><em>inventio</em></strong></span> <span class='ocrx_word' id='word_1_307' title='bbox 730 2418 810 2481; x_wconf 79' lang='lat' dir='ltr'><strong><em>atqtte</em></strong></span> <span class='ocrx_word' id='word_1_308' title='bbox 829 2415 1021 2480; x_wconf 73' lang='lat' dir='ltr'><strong><em>excogitatio,</em></strong></span> <span class='ocrx_word' id='word_1_309' title='bbox 1042 2413 1136 2462; x_wconf 77' lang='lat' dir='ltr'><strong><em>stetim</em></strong></span> <span class='ocrx_word' id='word_1_310' title='bbox 1156 2410 1184 2462; x_wconf 88' lang='lat' dir='ltr'><strong><em>hi</em></strong></span> <span class='ocrx_word' id='word_1_311' title='bbox 1203 2404 1239 2465; x_wconf 81' lang='grc' dir='ltr'><strong><em>τὸ</em></strong></span> <span class='ocrx_word' id='word_1_312' title='bbox 1257 2416 1404 2467; x_wconf 72' lang='lat' dir='ltr'><strong><em>concretae</em></strong></span> <span class='ocrx_word' id='word_1_313' title='bbox 1422 2410 1448 2459; x_wconf 88' lang='lat' dir='ltr'><strong><em>is</em></strong></span> <span class='ocrx_word' id='word_1_314' title='bbox 1466 2425 1502 2463; x_wconf 78' lang='lat' dir='ltr'><strong><em>ne</em></strong></span> 
     </span>
     <span class='ocr_line' id='line_1_29' title="bbox 182 2480 1503 2557; baseline -0.004 -17"><span class='ocrx_word' id='word_1_315' title='bbox 182 2487 315 2540; x_wconf 79' lang='lat' dir='ltr'><strong><em>Lutiuom</em></strong></span> <span class='ocrx_word' id='word_1_316' title='bbox 334 2484 444 2557; x_wconf 88' lang='lat' dir='ltr'><strong><em>quidem</em></strong></span> <span class='ocrx_word' id='word_1_317' title='bbox 465 2503 524 2538; x_wconf 83' lang='lat' dir='ltr'><strong><em>esse</em></strong></span> <span class='ocrx_word' id='word_1_318' title='bbox 544 2485 687 2550; x_wconf 75' lang='lat' dir='ltr'><strong><em>arbitrati,</em></strong></span> <span class='ocrx_word' id='word_1_319' title='bbox 715 2500 903 2557; x_wconf 76' lang='lat' dir='ltr'><strong><em>permutarunt</em></strong></span> <span class='ocrx_word' id='word_1_320' title='bbox 923 2489 1147 2550; x_wconf 72' lang='lat' dir='ltr'><strong><em>terminationes,</em></strong></span> <span class='ocrx_word' id='word_1_321' title='bbox 1172 2499 1202 2537; x_wconf 93' lang='lat' dir='ltr'><strong><em>ut</em></strong></span> <span class='ocrx_word' id='word_1_322' title='bbox 1221 2480 1320 2537; x_wconf 83' lang='lat' dir='ltr'><strong><em>eodem</em></strong></span> <span class='ocrx_word' id='word_1_323' title='bbox 1337 2501 1435 2555; x_wconf 78' lang='lat' dir='ltr'><strong><em>genere</em></strong></span> <span class='ocrx_word' id='word_1_324' title='bbox 1454 2481 1503 2535; x_wconf 82' lang='lat' dir='ltr'><strong><em>od·</em></strong></span> 
     </span>
    </p>
   </div>
   <div class='ocr_carea' id='block_1_3' title="bbox 182 2558 1608 2643">
    <p class='ocr_par' dir='ltr' id='par_1_6' title="bbox 182 2558 1608 2643">
     <span class='ocr_line' id='line_1_30' title="bbox 182 2558 1608 2643; baseline -0.001 -28"><span class='ocrx_word' id='word_1_325' title='bbox 182 2566 316 2615; x_wconf 79' lang='lat' dir='ltr'><strong><em>ieetitum</em></strong></span> <span class='ocrx_word' id='word_1_326' title='bbox 335 2577 397 2612; x_wconf 89' lang='lat' dir='ltr'><strong><em>cum</em></strong></span> <span class='ocrx_word' id='word_1_327' title='bbox 419 2560 609 2626; x_wconf 83' lang='lat' dir='ltr'><strong><em>substantivo,</em></strong></span> <span class='ocrx_word' id='word_1_328' title='bbox 628 2576 658 2613; x_wconf 89' lang='lat' dir='ltr'><strong><em>ut</em></strong></span> <span class='ocrx_word' id='word_1_329' title='bbox 677 2560 827 2633; x_wconf 80' lang='lat' dir='ltr'><strong><em>potabant,</em></strong></span> <span class='ocrx_word' id='word_1_330' title='bbox 848 2565 936 2613; x_wconf 78' lang='lat' dir='ltr'><strong><em>smioe</em></strong></span> <span class='ocrx_word' id='word_1_331' title='bbox 956 2559 1147 2614; x_wconf 74' lang='lat' dir='ltr'><strong><em>concordaret,</em></strong></span> <span class='ocrx_word' id='word_1_332' title='bbox 1165 2587 1203 2603; x_wconf 91' lang='lat'><strong><em>-·</em></strong></span> <span class='ocrx_word' id='word_1_333' title='bbox 1227 2558 1503 2643; x_wconf 52' lang='lat' dir='ltr'><strong><em>*insecutique</em></strong></span> <span class='ocrx_word' id='word_1_334' title='bbox 1604 2618 1608 2623; x_wconf 20' lang='lat'><strong>⁴</strong></span> 
     </span>
    </p>
   </div>
   <div class='ocr_carea' id='block_1_4' title="bbox 180 2632 638 2710">
    <p class='ocr_par' dir='ltr' id='par_1_7' title="bbox 180 2632 638 2710">
     <span class='ocr_line' id='line_1_31' title="bbox 180 2632 638 2710; baseline -0.004 -19"><span class='ocrx_word' id='word_1_335' title='bbox 180 2636 255 2691; x_wconf 81' lang='lat' dir='ltr'><strong><em>rus</em></strong></span> <span class='ocrx_word' id='word_1_336' title='bbox 275 2636 325 2701; x_wconf 85' lang='lat' dir='ltr'><strong><em>ts,</em></strong></span> <span class='ocrx_word' id='word_1_337' title='bbox 343 2634 431 2702; x_wconf 73' lang='lat' dir='ltr'><strong><em>aaa,</em></strong></span> <span class='ocrx_word' id='word_1_338' title='bbox 451 2635 507 2709; x_wconf 69' lang='lat' dir='ltr'><strong><em>(vet</em></strong></span> <span class='ocrx_word' id='word_1_339' title='bbox 525 2632 638 2710; x_wconf 74' lang='lat' dir='ltr'><strong><em>essu.)</em></strong></span> 
     </span>
    </p>
   </div>
   <div class='ocr_carea' id='block_1_5' title="bbox 182 2724 1503 2872">
    <p class='ocr_par' dir='ltr' id='par_1_8' title="bbox 182 2724 1503 2872">
     <span class='ocr_line' id='line_1_32' title="bbox 259 2724 1503 2797; baseline -0.002 -15"><span class='ocrx_word' id='word_1_340' title='bbox 259 2725 371 2782; x_wconf 58' lang='lat' dir='ltr'><strong><em>*ibid</em></strong></span> <span class='ocrx_word' id='word_1_341' title='bbox 396 2727 437 2779; x_wconf 78' lang='lat' dir='ltr'><strong><em>Ee</em></strong></span> <span class='ocrx_word' id='word_1_342' title='bbox 454 2733 617 2779; x_wconf 85' lang='lat' dir='ltr'><strong><em>memoriam</em></strong></span> <span class='ocrx_word' id='word_1_343' title='bbox 635 2746 694 2780; x_wconf 90' lang='lat' dir='ltr'><strong><em>esse</em></strong></span> <span class='ocrx_word' id='word_1_344' title='bbox 712 2731 904 2797; x_wconf 72' lang='lat' dir='ltr'><strong><em>signatarum]</em></strong></span> <span class='ocrx_word' id='word_1_345' title='bbox 930 2725 1017 2781; x_wconf 80' lang='lat' dir='ltr'><strong><em>Codri.</em></strong></span> <span class='ocrx_word' id='word_1_346' title='bbox 1036 2732 1126 2783; x_wconf 85' lang='lat' dir='ltr'><strong><em>nostri</em></strong></span> <span class='ocrx_word' id='word_1_347' title='bbox 1145 2744 1242 2783; x_wconf 78' lang='lat' dir='ltr'><strong><em>omnes</em></strong></span> <span class='ocrx_word' id='word_1_348' title='bbox 1261 2725 1317 2781; x_wconf 82' lang='lat' dir='ltr'><strong><em>ulio</em></strong></span> <span class='ocrx_word' id='word_1_349' title='bbox 1337 2727 1442 2795; x_wconf 85' lang='lat' dir='ltr'><strong><em>ordine,</em></strong></span> <span class='ocrx_word' id='word_1_350' title='bbox 1462 2724 1503 2780; x_wconf 79' lang='lat' dir='ltr'><strong><em>Et</em></strong></span> 
     </span>
     <span class='ocr_line' id='line_1_33' title="bbox 182 2807 1061 2872; baseline 0.001 -17"><span class='ocrx_word' id='word_1_351' title='bbox 182 2821 242 2856; x_wconf 87' lang='lat' dir='ltr'><strong><em>esse</em></strong></span> <span class='ocrx_word' id='word_1_352' title='bbox 261 2809 438 2870; x_wconf 86' lang='lat' dir='ltr'><strong><em>memoriam,</em></strong></span> <span class='ocrx_word' id='word_1_353' title='bbox 457 2808 639 2872; x_wconf 79' lang='lat' dir='ltr'><strong><em>&#39;signatarum</em></strong></span> <span class='ocrx_word' id='word_1_354' title='bbox 656 2822 751 2856; x_wconf 82' lang='lat' dir='ltr'><strong><em>rerum</em></strong></span> <span class='ocrx_word' id='word_1_355' title='bbox 769 2809 799 2854; x_wconf 88' lang='lat' dir='ltr'><strong><em>in</em></strong></span> <span class='ocrx_word' id='word_1_356' title='bbox 818 2811 910 2855; x_wconf 89' lang='lat' dir='ltr'><strong><em>mente</em></strong></span> <span class='ocrx_word' id='word_1_357' title='bbox 927 2807 1061 2871; x_wconf 79' lang='lat' dir='ltr'><strong><em>vestigia.</em></strong></span> 
     </span>
    </p>
   </div>
   <div class='ocr_carea' id='block_1_6' title="bbox 168 2894 1506 4099">
    <p class='ocr_par' dir='ltr' id='par_1_9' title="bbox 168 2894 1504 3703">
     <span class='ocr_line' id='line_1_34' title="bbox 168 2894 1503 2968; baseline -0.001 -18"><span class='ocrx_word' id='word_1_358' title='bbox 168 2922 171 2927; x_wconf 60' lang='grc'>’</span> <span class='ocrx_word' id='word_1_359' title='bbox 260 2895 349 2950; x_wconf 82' lang='lat' dir='ltr'><strong><em>ibid.</em></strong></span> <span class='ocrx_word' id='word_1_360' title='bbox 383 2897 506 2967; x_wconf 85' lang='lat' dir='ltr'><strong><em>Quorum</em></strong></span> <span class='ocrx_word' id='word_1_361' title='bbox 532 2902 730 2957; x_wconf 76' lang='lat' dir='ltr'><strong><em>conversiones</em></strong></span> <span class='ocrx_word' id='word_1_362' title='bbox 754 2914 898 2967; x_wconf 78' lang='lat' dir='ltr'><strong><em>omnesque</em></strong></span> <span class='ocrx_word' id='word_1_363' title='bbox 923 2904 1014 2948; x_wconf 84' lang='lat' dir='ltr'><strong><em>motus</em></strong></span> <span class='ocrx_word' id='word_1_364' title='bbox 1040 2900 1087 2968; x_wconf 85' lang='lat' dir='ltr'><strong><em>qttt&#39;</em></strong></span> <span class='ocrx_word' id='word_1_365' title='bbox 1111 2900 1217 2950; x_wconf 75' lang='lat' dir='ltr'><strong><em>unimus</em></strong></span> <span class='ocrx_word' id='word_1_366' title='bbox 1243 2894 1333 2961; x_wconf 78' lang='lat' dir='ltr'><strong><em>vidit,</em></strong></span> <span class='ocrx_word' id='word_1_367' title='bbox 1359 2900 1385 2947; x_wconf 90' lang='lat' dir='ltr'><strong><em>is</em></strong></span> <span class='ocrx_word' id='word_1_368' title='bbox 1409 2895 1503 2948; x_wconf 73' lang='lat' dir='ltr'><strong><em>docent</em></strong></span> 
     </span>
     <span class='ocr_line' id='line_1_35' title="bbox 182 2970 1501 3045; baseline -0.003 -20"><span class='ocrx_word' id='word_1_369' title='bbox 182 2972 302 3025; x_wconf 81' lang='lat' dir='ltr'><strong><em>similem</em></strong></span> <span class='ocrx_word' id='word_1_370' title='bbox 320 2976 443 3023; x_wconf 84' lang='lat' dir='ltr'><strong><em>animum</em></strong></span> <span class='ocrx_word' id='word_1_371' title='bbox 460 2990 539 3022; x_wconf 79' lang='lat' dir='ltr'><strong><em>sturm</em></strong></span> <span class='ocrx_word' id='word_1_372' title='bbox 557 2977 617 3023; x_wconf 87' lang='lat' dir='ltr'><strong><em>eius</em></strong></span> <span class='ocrx_word' id='word_1_373' title='bbox 635 2991 703 3041; x_wconf 91' lang='lat' dir='ltr'><strong><em>esse,</em></strong></span> <span class='ocrx_word' id='word_1_374' title='bbox 723 2976 770 3045; x_wconf 84' lang='lat' dir='ltr'><strong><em>qta&#39;</em></strong></span> <span class='ocrx_word' id='word_1_375' title='bbox 787 2988 822 3024; x_wconf 86' lang='lat' dir='ltr'><strong><em>ea</em></strong></span> <span class='ocrx_word' id='word_1_376' title='bbox 832 2971 998 3043; x_wconf 75' lang='lat' dir='ltr'><strong><em>fabricatae</em></strong></span> <span class='ocrx_word' id='word_1_377' title='bbox 1018 2980 1090 3023; x_wconf 86' lang='lat' dir='ltr'><strong><em>esset</em></strong></span> <span class='ocrx_word' id='word_1_378' title='bbox 1108 2972 1237 3040; x_wconf 88' lang='lat' dir='ltr'><strong><em>incaelo]</em></strong></span> <span class='ocrx_word' id='word_1_379' title='bbox 1257 2970 1369 3043; x_wconf 80' lang='lat' dir='ltr'><strong><em>Redige,</em></strong></span> <span class='ocrx_word' id='word_1_380' title='bbox 1388 2985 1501 3043; x_wconf 76' lang='lat' dir='ltr'><strong><em>quaeso,</em></strong></span> 
     </span>
     <span class='ocr_line' id='line_1_36' title="bbox 184 3043 1503 3121; baseline -0.003 -20"><span class='ocrx_word' id='word_1_381' title='bbox 184 3048 255 3101; x_wconf 78' lang='lat' dir='ltr'><strong><em>huet</em></strong></span> <span class='ocrx_word' id='word_1_382' title='bbox 274 3064 383 3100; x_wconf 87' lang='lat' dir='ltr'><strong><em>mecum</em></strong></span> <span class='ocrx_word' id='word_1_383' title='bbox 403 3047 436 3099; x_wconf 79' lang='lat' dir='ltr'><strong><em>td</em></strong></span> <span class='ocrx_word' id='word_1_384' title='bbox 455 3047 605 3118; x_wconf 72' lang='lat' dir='ltr'><strong><em>deiculum:</em></strong></span> <span class='ocrx_word' id='word_1_385' title='bbox 631 3053 693 3119; x_wconf 82' lang='lat' dir='ltr'><strong><em>qui,</em></strong></span> <span class='ocrx_word' id='word_1_386' title='bbox 719 3052 827 3121; x_wconf 79' lang='lat' dir='ltr'><strong><em>inquit,</em></strong></span> <span class='ocrx_word' id='word_1_387' title='bbox 848 3052 953 3102; x_wconf 82' lang='lat' dir='ltr'><strong><em>suimus</em></strong></span> <span class='ocrx_word' id='word_1_388' title='bbox 972 3046 1062 3114; x_wconf 82' lang='lat' dir='ltr'><strong><em>vidit,</em></strong></span> <span class='ocrx_word' id='word_1_389' title='bbox 1087 3053 1112 3098; x_wconf 91' lang='lat' dir='ltr'><strong><em>is</em></strong></span> <span class='ocrx_word' id='word_1_390' title='bbox 1131 3044 1232 3121; x_wconf 86' lang='lat' dir='ltr'><strong><em>(idest</em></strong></span> <span class='ocrx_word' id='word_1_391' title='bbox 1268 3043 1388 3119; x_wconf 78' lang='lat' dir='ltr'><strong><em>unimus)</em></strong></span> <span class='ocrx_word' id='word_1_392' title='bbox 1407 3045 1503 3098; x_wconf 86' lang='lat' dir='ltr'><strong><em>docuit</em></strong></span> 
     </span>
     <span class='ocr_line' id='line_1_37' title="bbox 185 3086 1503 3196; baseline 0 -22"><span class='ocrx_word' id='word_1_393' title='bbox 185 3128 307 3176; x_wconf 74' lang='lat' dir='ltr'><strong><em>animum</em></strong></span> <span class='ocrx_word' id='word_1_394' title='bbox 327 3141 405 3173; x_wconf 86' lang='lat' dir='ltr'><strong><em>ntum</em></strong></span> <span class='ocrx_word' id='word_1_395' title='bbox 423 3123 539 3175; x_wconf 83' lang='lat' dir='ltr'><strong><em>similem</em></strong></span> <span class='ocrx_word' id='word_1_396' title='bbox 558 3128 619 3174; x_wconf 84' lang='lat' dir='ltr'><strong><em>eins</em></strong></span> <span class='ocrx_word' id='word_1_397' title='bbox 636 3141 704 3177; x_wconf 89' lang='lat' dir='ltr'><strong><em>esse.</em></strong></span> <span class='ocrx_word' id='word_1_398' title='bbox 750 3125 824 3196; x_wconf 76' lang='lat' dir='ltr'><strong><em>Ergo</em></strong></span> <span class='ocrx_word' id='word_1_399' title='bbox 850 3122 897 3176; x_wconf 87' lang='lat' dir='ltr'><strong><em>hie</em></strong></span> <span class='ocrx_word' id='word_1_400' title='bbox 921 3121 1054 3176; x_wconf 78' lang='lat' dir='ltr'><strong><em>hebemus</em></strong></span> <span class='ocrx_word' id='word_1_401' title='bbox 1082 3127 1203 3174; x_wconf 86' lang='lat' dir='ltr'><strong><em>animum</em></strong></span> <span class='ocrx_word' id='word_1_402' title='bbox 1228 3086 1331 3174; x_wconf 66' lang='lat' dir='ltr'><strong><em>inimi:</em></strong></span> <span class='ocrx_word' id='word_1_403' title='bbox 1360 3126 1426 3175; x_wconf 84' lang='lat' dir='ltr'><strong><em>sotis</em></strong></span> <span class='ocrx_word' id='word_1_404' title='bbox 1447 3121 1503 3174; x_wconf 84' lang='lat' dir='ltr'><strong><em>hoc</em></strong></span> 
     </span>
     <span class='ocr_line' id='line_1_38' title="bbox 183 3194 1502 3269; baseline -0.001 -19"><span class='ocrx_word' id='word_1_405' title='bbox 183 3196 276 3250; x_wconf 78' lang='lat' dir='ltr'><strong><em>bellet</em></strong></span> <span class='ocrx_word' id='word_1_406' title='bbox 301 3197 387 3263; x_wconf 76' lang='lat' dir='ltr'><strong><em>clius,</em></strong></span> <span class='ocrx_word' id='word_1_407' title='bbox 406 3201 520 3269; x_wconf 85' lang='lat' dir='ltr'><strong><em>opinor,</em></strong></span> <span class='ocrx_word' id='word_1_408' title='bbox 540 3199 669 3262; x_wconf 80' lang='lat' dir='ltr'><strong><em>dixisset,</em></strong></span> <span class='ocrx_word' id='word_1_409' title='bbox 688 3204 714 3249; x_wconf 85' lang='lat' dir='ltr'><strong><em>is</em></strong></span> <span class='ocrx_word' id='word_1_410' title='bbox 733 3199 826 3251; x_wconf 85' lang='lat' dir='ltr'><strong><em>docuit</em></strong></span> <span class='ocrx_word' id='word_1_411' title='bbox 846 3197 888 3250; x_wconf 86' lang='lat' dir='ltr'><strong><em>SE</em></strong></span> <span class='ocrx_word' id='word_1_412' title='bbox 907 3200 1024 3250; x_wconf 79' lang='lat' dir='ltr'><strong><em>similem</em></strong></span> <span class='ocrx_word' id='word_1_413' title='bbox 1043 3203 1103 3249; x_wconf 86' lang='lat' dir='ltr'><strong><em>eins</em></strong></span> <span class='ocrx_word' id='word_1_414' title='bbox 1120 3215 1189 3250; x_wconf 86' lang='lat' dir='ltr'><strong><em>esse.</em></strong></span> <span class='ocrx_word' id='word_1_415' title='bbox 1234 3194 1287 3250; x_wconf 84' lang='lat' dir='ltr'><strong><em>Sed</em></strong></span> <span class='ocrx_word' id='word_1_416' title='bbox 1306 3195 1360 3249; x_wconf 81' lang='lat' dir='ltr'><strong><em>aliu</em></strong></span> <span class='ocrx_word' id='word_1_417' title='bbox 1380 3199 1502 3268; x_wconf 78' lang='lat' dir='ltr'><strong><em>paratior</em></strong></span> 
     </span>
     <span class='ocr_line' id='line_1_39' title="bbox 184 3270 1502 3344; baseline -0.001 -17"><span class='ocrx_word' id='word_1_418' title='bbox 184 3270 322 3327; x_wconf 77' lang='lat' dir='ltr'><strong><em>medicina</em></strong></span> <span class='ocrx_word' id='word_1_419' title='bbox 336 3289 387 3326; x_wconf 86' lang='lat' dir='ltr'><strong><em>est.</em></strong></span> <span class='ocrx_word' id='word_1_420' title='bbox 415 3272 484 3344; x_wconf 78' lang='lat' dir='ltr'><strong><em>Lege</em></strong></span> <span class='ocrx_word' id='word_1_421' title='bbox 504 3278 671 3327; x_wconf 72' lang='lat' dir='ltr'><strong><em>certissime:</em></strong></span> <span class='ocrx_word' id='word_1_422' title='bbox 691 3273 815 3344; x_wconf 81' lang='lat' dir='ltr'><strong><em>Quorum</em></strong></span> <span class='ocrx_word' id='word_1_423' title='bbox 833 3278 1027 3325; x_wconf 84' lang='lat' dir='ltr'><strong><em>conversiones</em></strong></span> <span class='ocrx_word' id='word_1_424' title='bbox 1046 3289 1190 3342; x_wconf 76' lang='lat' dir='ltr'><strong><em>omnesque</em></strong></span> <span class='ocrx_word' id='word_1_425' title='bbox 1208 3279 1298 3323; x_wconf 85' lang='lat' dir='ltr'><strong><em>motus</em></strong></span> <span class='ocrx_word' id='word_1_426' title='bbox 1317 3277 1364 3343; x_wconf 78' lang='lat' dir='ltr'><strong><em>qui</em></strong></span> <span class='ocrx_word' id='word_1_427' title='bbox 1375 3271 1502 3326; x_wconf 79' lang='lat' dir='ltr'><strong>ANIMO</strong></span> 
     </span>
     <span class='ocr_line' id='line_1_40' title="bbox 184 3340 1503 3417; baseline 0 -18"><span class='ocrx_word' id='word_1_428' title='bbox 184 3348 278 3417; x_wconf 80' lang='lat' dir='ltr'><strong><em>vidit,</em></strong></span> <span class='ocrx_word' id='word_1_429' title='bbox 304 3353 330 3401; x_wconf 87' lang='lat' dir='ltr'><strong><em>is</em></strong></span> <span class='ocrx_word' id='word_1_430' title='bbox 348 3347 440 3411; x_wconf 74' lang='lat' dir='ltr'><strong><em>docuit</em></strong></span> <span class='ocrx_word' id='word_1_431' title='bbox 459 3348 575 3399; x_wconf 87' lang='lat' dir='ltr'><strong><em>similem</em></strong></span> <span class='ocrx_word' id='word_1_432' title='bbox 594 3355 716 3400; x_wconf 84' lang='lat' dir='ltr'><strong><em>animum</em></strong></span> <span class='ocrx_word' id='word_1_433' title='bbox 734 3368 811 3400; x_wconf 82' lang='lat' dir='ltr'><strong><em>sutem</em></strong></span> <span class='ocrx_word' id='word_1_434' title='bbox 837 3353 894 3400; x_wconf 85' lang='lat' dir='ltr'><strong><em>et&#39;nt</em></strong></span> <span class='ocrx_word' id='word_1_435' title='bbox 914 3365 973 3399; x_wconf 87' lang='lat' dir='ltr'><strong><em>esse</em></strong></span> <span class='ocrx_word' id='word_1_436' title='bbox 992 3361 1046 3400; x_wconf 84' lang='lat' dir='ltr'><strong><em>cet.</em></strong></span> <span class='ocrx_word' id='word_1_437' title='bbox 1083 3346 1184 3407; x_wconf 84' lang='lat' dir='ltr'><strong><em>Noster</em></strong></span> <span class='ocrx_word' id='word_1_438' title='bbox 1203 3345 1236 3398; x_wconf 88' lang='lat' dir='ltr'><strong><em>de</em></strong></span> <span class='ocrx_word' id='word_1_439' title='bbox 1255 3345 1359 3398; x_wconf 77' lang='lat' dir='ltr'><strong><em>Natura</em></strong></span> <span class='ocrx_word' id='word_1_440' title='bbox 1380 3340 1503 3400; x_wconf 74' lang='lat' dir='ltr'><strong><em>Deorum</em></strong></span> 
     </span>
     <span class='ocr_line' id='line_1_41' title="bbox 185 3420 1502 3495; baseline 0.001 -22"><span class='ocrx_word' id='word_1_441' title='bbox 185 3424 216 3490; x_wconf 90' lang='lat'><strong><em>1,</em></strong></span> <span class='ocrx_word' id='word_1_442' title='bbox 238 3430 282 3483; x_wconf 75' lang='lat'><strong><em>18.</em></strong></span> <span class='ocrx_word' id='word_1_443' title='bbox 318 3422 457 3495; x_wconf 81' lang='lat' dir='ltr'><strong><em>Epicurus</em></strong></span> <span class='ocrx_word' id='word_1_444' title='bbox 475 3431 581 3493; x_wconf 63' lang='lat' dir='ltr'><strong><em>aretem,</em></strong></span> <span class='ocrx_word' id='word_1_445' title='bbox 607 3429 654 3494; x_wconf 81' lang='lat' dir='ltr'><strong><em>qai</em></strong></span> <span class='ocrx_word' id='word_1_446' title='bbox 679 3441 725 3483; x_wconf 87' lang='lat' dir='ltr'><strong><em>res</em></strong></span> <span class='ocrx_word' id='word_1_447' title='bbox 743 3425 867 3476; x_wconf 84' lang='lat' dir='ltr'><strong><em>occrdtas</em></strong></span> <span class='ocrx_word' id='word_1_448' title='bbox 891 3431 919 3474; x_wconf 91' lang='lat' dir='ltr'><strong><em>et</em></strong></span> <span class='ocrx_word' id='word_1_449' title='bbox 940 3426 1054 3494; x_wconf 82' lang='lat' dir='ltr'><strong><em>penitus</em></strong></span> <span class='ocrx_word' id='word_1_450' title='bbox 1079 3420 1191 3472; x_wconf 85' lang='lat' dir='ltr'><strong><em>abditas</em></strong></span> <span class='ocrx_word' id='word_1_451' title='bbox 1215 3437 1272 3472; x_wconf 86' lang='lat' dir='ltr'><strong><em>nort</em></strong></span> <span class='ocrx_word' id='word_1_452' title='bbox 1296 3421 1378 3473; x_wconf 86' lang='lat' dir='ltr'><strong><em>modo</em></strong></span> <span class='ocrx_word' id='word_1_453' title='bbox 1402 3420 1502 3475; x_wconf 85' lang='lat' dir='ltr'><strong><em>viderit</em></strong></span> 
     </span>
     <span class='ocr_line' id='line_1_42' title="bbox 187 3494 1504 3568; baseline -0.002 -17"><span class='ocrx_word' id='word_1_454' title='bbox 187 3503 298 3563; x_wconf 79' lang='lat' dir='ltr'><strong><em>animo,</em></strong></span> <span class='ocrx_word' id='word_1_455' title='bbox 317 3497 470 3549; x_wconf 84' lang='lat' dir='ltr'><strong><em>sedetiam</em></strong></span> <span class='ocrx_word' id='word_1_456' title='bbox 488 3502 527 3548; x_wconf 87' lang='lat' dir='ltr'><strong><em>sic</em></strong></span> <span class='ocrx_word' id='word_1_457' title='bbox 547 3506 654 3550; x_wconf 87' lang='lat' dir='ltr'><strong><em>tractet</em></strong></span> <span class='ocrx_word' id='word_1_458' title='bbox 673 3513 727 3551; x_wconf 88' lang='lat' dir='ltr'><strong><em>cet.</em></strong></span> <span class='ocrx_word' id='word_1_459' title='bbox 765 3496 836 3552; x_wconf 85' lang='lat' dir='ltr'><strong><em>ibid.</em></strong></span> <span class='ocrx_word' id='word_1_460' title='bbox 856 3498 900 3561; x_wconf 89' lang='lat'><strong><em>11,</em></strong></span> <span class='ocrx_word' id='word_1_461' title='bbox 919 3500 966 3555; x_wconf 76' lang='lat' dir='ltr'><strong><em>os.</em></strong></span> <span class='ocrx_word' id='word_1_462' title='bbox 1004 3494 1107 3548; x_wconf 85' lang='lat' dir='ltr'><strong><em>Totam</em></strong></span> <span class='ocrx_word' id='word_1_463' title='bbox 1131 3496 1195 3548; x_wconf 89' lang='lat' dir='ltr'><strong><em>licet</em></strong></span> <span class='ocrx_word' id='word_1_464' title='bbox 1220 3499 1337 3562; x_wconf 76' lang='lat' dir='ltr'><strong><em>animis,</em></strong></span> <span class='ocrx_word' id='word_1_465' title='bbox 1363 3504 1504 3568; x_wconf 78' lang='lat' dir='ltr'><strong><em>tamqnam</em></strong></span> 
     </span>
     <span class='ocr_line' id='line_1_43' title="bbox 186 3571 1503 3644; baseline -0.002 -18"><span class='ocrx_word' id='word_1_466' title='bbox 186 3575 273 3626; x_wconf 86' lang='lat' dir='ltr'><strong><em>ocutis</em></strong></span> <span class='ocrx_word' id='word_1_467' title='bbox 290 3573 406 3633; x_wconf 79' lang='lat' dir='ltr'><strong><em>lustrare</em></strong></span> <span class='ocrx_word' id='word_1_468' title='bbox 426 3582 543 3625; x_wconf 87' lang='lat' dir='ltr'><strong><em>terram.</em></strong></span> <span class='ocrx_word' id='word_1_469' title='bbox 581 3572 711 3627; x_wconf 68' lang='lat' dir='ltr'><strong><em>scudem.</em></strong></span> <span class='ocrx_word' id='word_1_470' title='bbox 732 3575 770 3641; x_wconf 89' lang='lat'><strong><em>11,</em></strong></span> <span class='ocrx_word' id='word_1_471' title='bbox 789 3577 834 3632; x_wconf 77' lang='lat' dir='ltr'><strong><em>lto.</em></strong></span> <span class='ocrx_word' id='word_1_472' title='bbox 872 3575 932 3624; x_wconf 82' lang='lat' dir='ltr'><strong><em>Ant</em></strong></span> <span class='ocrx_word' id='word_1_473' title='bbox 951 3577 976 3624; x_wconf 87' lang='lat' dir='ltr'><strong><em>si</em></strong></span> <span class='ocrx_word' id='word_1_474' title='bbox 993 3575 1079 3624; x_wconf 87' lang='lat' dir='ltr'><strong><em>etiam</em></strong></span> <span class='ocrx_word' id='word_1_475' title='bbox 1097 3572 1266 3625; x_wconf 84' lang='lat' dir='ltr'><strong><em>dormientes</em></strong></span> <span class='ocrx_word' id='word_1_476' title='bbox 1283 3571 1392 3644; x_wconf 81' lang='lat' dir='ltr'><strong><em>aliquid</em></strong></span> <span class='ocrx_word' id='word_1_477' title='bbox 1409 3576 1503 3624; x_wconf 71' lang='lat' dir='ltr'><strong><em>animo</em></strong></span> 
     </span>
     <span class='ocr_line' id='line_1_44' title="bbox 186 3645 726 3703; baseline 0 -1"><span class='ocrx_word' id='word_1_478' title='bbox 186 3647 279 3703; x_wconf 77' lang='lat' dir='ltr'><strong><em>videre</em></strong></span> <span class='ocrx_word' id='word_1_479' title='bbox 295 3648 451 3702; x_wconf 82' lang='lat' dir='ltr'><strong><em>videamur.</em></strong></span> <span class='ocrx_word' id='word_1_480' title='bbox 487 3645 569 3703; x_wconf 81' lang='lat' dir='ltr'><strong><em>ond.</em></strong></span> <span class='ocrx_word' id='word_1_481' title='bbox 588 3648 659 3702; x_wconf 75' lang='lat' dir='ltr'><strong><em>Fosi.</em></strong></span> <span class='ocrx_word' id='word_1_482' title='bbox 680 3650 726 3702; x_wconf 77' lang='grc' dir='ltr'><strong><em>Ν.</em></strong></span> 
     </span>
    </p>

    <p class='ocr_par' dir='ltr' id='par_1_10' title="bbox 412 3720 1121 3796">
     <span class='ocr_line' id='line_1_45' title="bbox 412 3720 1121 3796; baseline -0.001 -20"><span class='ocrx_word' id='word_1_483' title='bbox 412 3726 520 3796; x_wconf 79' lang='lat' dir='ltr'><strong><em>Appius</em></strong></span> <span class='ocrx_word' id='word_1_484' title='bbox 538 3732 583 3775; x_wconf 92' lang='lat' dir='ltr'><strong><em>est</em></strong></span> <span class='ocrx_word' id='word_1_485' title='bbox 594 3733 716 3781; x_wconf 72' lang='lat' dir='ltr'><strong><em>‚anctore</em></strong></span> <span class='ocrx_word' id='word_1_486' title='bbox 734 3720 847 3795; x_wconf 79' lang='lat' dir='ltr'><strong><em>Pyrrho</em></strong></span> <span class='ocrx_word' id='word_1_487' title='bbox 865 3727 912 3793; x_wconf 78' lang='lat' dir='ltr'><strong><em>qui</em></strong></span> <span class='ocrx_word' id='word_1_488' title='bbox 924 3741 996 3795; x_wconf 82' lang='lat' dir='ltr'><strong><em>pace</em></strong></span> <span class='ocrx_word' id='word_1_489' title='bbox 1014 3730 1121 3792; x_wconf 80' lang='lat' dir='ltr'><strong><em>negata</em></strong></span> 
     </span>
    </p>

    <p class='ocr_par' dir='ltr' id='par_1_11' title="bbox 186 3798 1506 4099">
     <span class='ocr_line' id='line_1_46' title="bbox 402 3798 1087 3870; baseline 0.001 -20"><span class='ocrx_word' id='word_1_490' title='bbox 402 3799 537 3852; x_wconf 25' lang='lat' dir='ltr'><strong><em>inlutum</em></strong></span> <span class='ocrx_word' id='word_1_491' title='bbox 556 3802 650 3850; x_wconf 73' lang='lat' dir='ltr'><strong><em>animo</em></strong></span> <span class='ocrx_word' id='word_1_492' title='bbox 670 3798 754 3861; x_wconf 83' lang='lat' dir='ltr'><strong><em>vidit,</em></strong></span> <span class='ocrx_word' id='word_1_493' title='bbox 775 3799 877 3849; x_wconf 82' lang='lat' dir='ltr'><strong><em>tremine</em></strong></span> <span class='ocrx_word' id='word_1_494' title='bbox 896 3808 995 3870; x_wconf 82' lang='lat' dir='ltr'><strong><em>captus</em></strong></span> <span class='ocrx_word' id='word_1_495' title='bbox 1012 3808 1087 3852; x_wconf 88' lang='lat' dir='ltr'><strong><em>erat.</em></strong></span> 
     </span>
     <span class='ocr_line' id='line_1_47' title="bbox 186 3867 1506 3949; baseline -0.005 -19"><span class='ocrx_word' id='word_1_496' title='bbox 186 3875 223 3930; x_wconf 84' lang='lat' dir='ltr'><strong><em>Et</em></strong></span> <span class='ocrx_word' id='word_1_497' title='bbox 242 3873 291 3928; x_wconf 80' lang='lat' dir='ltr'><strong><em>riti</em></strong></span> <span class='ocrx_word' id='word_1_498' title='bbox 309 3879 423 3949; x_wconf 87' lang='lat' dir='ltr'><strong><em>psseitn.</em></strong></span> <span class='ocrx_word' id='word_1_499' title='bbox 463 3873 515 3928; x_wconf 85' lang='lat' dir='ltr'><strong><em>Sed</em></strong></span> <span class='ocrx_word' id='word_1_500' title='bbox 535 3890 562 3927; x_wconf 91' lang='lat' dir='ltr'><strong><em>et</em></strong></span> <span class='ocrx_word' id='word_1_501' title='bbox 582 3875 636 3925; x_wconf 85' lang='lat' dir='ltr'><strong><em>hoe</em></strong></span> <span class='ocrx_word' id='word_1_502' title='bbox 656 3877 710 3927; x_wconf 79' lang='lat' dir='ltr'><strong><em>itm</em></strong></span> <span class='ocrx_word' id='word_1_503' title='bbox 730 3867 804 3925; x_wconf 81' lang='lat' dir='ltr'><strong><em>nunc</em></strong></span> <span class='ocrx_word' id='word_1_504' title='bbox 823 3889 838 3924; x_wconf 83' lang='lat' dir='ltr'><strong><em>e</em></strong></span> <span class='ocrx_word' id='word_1_505' title='bbox 857 3874 988 3926; x_wconf 80' lang='lat' dir='ltr'><strong><em>Lembiuo</em></strong></span> <span class='ocrx_word' id='word_1_506' title='bbox 1007 3872 1087 3927; x_wconf 79' lang='lat' dir='ltr'><strong><em>video</em></strong></span> <span class='ocrx_word' id='word_1_507' title='bbox 1106 3889 1287 3946; x_wconf 77' lang='lat' dir='ltr'><strong><em>occupatum:</em></strong></span> <span class='ocrx_word' id='word_1_508' title='bbox 1308 3869 1375 3924; x_wconf 80' lang='lat' dir='ltr'><strong><em>tdeo</em></strong></span> <span class='ocrx_word' id='word_1_509' title='bbox 1394 3885 1424 3924; x_wconf 91' lang='lat' dir='ltr'><strong><em>ut</em></strong></span> <span class='ocrx_word' id='word_1_510' title='bbox 1445 3890 1506 3925; x_wconf 87' lang='lat' dir='ltr'><strong><em>ror-</em></strong></span> 
     </span>
     <span class='ocr_line' id='line_1_48' title="bbox 188 3944 1504 4021; baseline -0.002 -17"><span class='ocrx_word' id='word_1_511' title='bbox 188 3968 234 4004; x_wconf 86' lang='lat' dir='ltr'><strong><em>sus</em></strong></span> <span class='ocrx_word' id='word_1_512' title='bbox 254 3948 380 4021; x_wconf 78' lang='lat' dir='ltr'><strong><em>indigner</em></strong></span> <span class='ocrx_word' id='word_1_513' title='bbox 399 3954 457 4002; x_wconf 89' lang='lat' dir='ltr'><strong><em>eius</em></strong></span> <span class='ocrx_word' id='word_1_514' title='bbox 478 3952 597 4002; x_wconf 86' lang='lat' dir='ltr'><strong><em>hominis</em></strong></span> <span class='ocrx_word' id='word_1_515' title='bbox 618 3953 725 4012; x_wconf 85' lang='lat' dir='ltr'><strong><em>ricem,</em></strong></span> <span class='ocrx_word' id='word_1_516' title='bbox 749 3954 794 4001; x_wconf 89' lang='lat' dir='ltr'><strong><em>cui</em></strong></span> <span class='ocrx_word' id='word_1_517' title='bbox 823 3964 903 4020; x_wconf 76' lang='lat' dir='ltr'><strong><em>saepe</em></strong></span> <span class='ocrx_word' id='word_1_518' title='bbox 930 3964 1004 4002; x_wconf 88' lang='lat' dir='ltr'><strong><em>reete</em></strong></span> <span class='ocrx_word' id='word_1_519' title='bbox 1029 3953 1170 4014; x_wconf 87' lang='lat' dir='ltr'><strong><em>monenti,</em></strong></span> <span class='ocrx_word' id='word_1_520' title='bbox 1195 3965 1243 4001; x_wconf 87' lang='lat' dir='ltr'><strong><em>seu</em></strong></span> <span class='ocrx_word' id='word_1_521' title='bbox 1269 3963 1334 4020; x_wconf 80' lang='lat' dir='ltr'><strong><em>prae</em></strong></span> <span class='ocrx_word' id='word_1_522' title='bbox 1353 3944 1457 4001; x_wconf 78' lang='lat' dir='ltr'><strong><em>invidia</em></strong></span> <span class='ocrx_word' id='word_1_523' title='bbox 1475 3961 1504 4001; x_wconf 88' lang='lat' dir='ltr'><strong><em>et</em></strong></span> 
     </span>
     <span class='ocr_line' id='line_1_49' title="bbox 187 4021 1268 4099; baseline -0.003 -20"><span class='ocrx_word' id='word_1_524' title='bbox 187 4026 289 4093; x_wconf 84' lang='lat' dir='ltr'><strong><em>iitore,</em></strong></span> <span class='ocrx_word' id='word_1_525' title='bbox 308 4030 364 4079; x_wconf 82' lang='lat' dir='ltr'><strong><em>sive</em></strong></span> <span class='ocrx_word' id='word_1_526' title='bbox 384 4042 448 4099; x_wconf 79' lang='lat' dir='ltr'><strong><em>pree</em></strong></span> <span class='ocrx_word' id='word_1_527' title='bbox 469 4029 604 4077; x_wconf 75' lang='lat' dir='ltr'><strong><em>caecitate</em></strong></span> <span class='ocrx_word' id='word_1_528' title='bbox 625 4038 652 4076; x_wconf 88' lang='lat' dir='ltr'><strong><em>et</em></strong></span> <span class='ocrx_word' id='word_1_529' title='bbox 672 4027 842 4096; x_wconf 75' lang='lat' dir='ltr'><strong><em>ignoruntis,</em></strong></span> <span class='ocrx_word' id='word_1_530' title='bbox 863 4041 944 4077; x_wconf 88' lang='lat' dir='ltr'><strong><em>nemo</em></strong></span> <span class='ocrx_word' id='word_1_531' title='bbox 964 4023 1154 4096; x_wconf 75' lang='lat' dir='ltr'><strong><em>obtemperare</em></strong></span> <span class='ocrx_word' id='word_1_532' title='bbox 1173 4021 1268 4076; x_wconf 77' lang='lat' dir='ltr'><strong><em>voluit.</em></strong></span> 
     </span>
    </p>
   </div>
   <div class='ocr_carea' id='block_1_7' title="bbox 187 4115 1504 4338">
    <p class='ocr_par' dir='ltr' id='par_1_12' title="bbox 187 4115 1504 4338">
     <span class='ocr_line' id='line_1_50' title="bbox 260 4115 1504 4185; baseline -0.002 -14"><span class='ocrx_word' id='word_1_533' title='bbox 260 4116 354 4172; x_wconf 80' lang='lat' dir='ltr'><strong><em>ibid.</em></strong></span> <span class='ocrx_word' id='word_1_534' title='bbox 382 4120 419 4171; x_wconf 83' lang='lat' dir='ltr'><strong><em>tn</em></strong></span> <span class='ocrx_word' id='word_1_535' title='bbox 438 4117 575 4170; x_wconf 86' lang='lat' dir='ltr'><strong><em>tarditate</em></strong></span> <span class='ocrx_word' id='word_1_536' title='bbox 594 4125 624 4168; x_wconf 91' lang='lat' dir='ltr'><strong><em>et</em></strong></span> <span class='ocrx_word' id='word_1_537' title='bbox 642 4117 784 4168; x_wconf 87' lang='lat' dir='ltr'><strong><em>celeritate</em></strong></span> <span class='ocrx_word' id='word_1_538' title='bbox 802 4115 1001 4169; x_wconf 80' lang='lat' dir='ltr'><strong><em>dissimillimos</em></strong></span> <span class='ocrx_word' id='word_1_539' title='bbox 1020 4125 1112 4169; x_wconf 85' lang='lat' dir='ltr'><strong><em>motus</em></strong></span> <span class='ocrx_word' id='word_1_540' title='bbox 1130 4132 1185 4166; x_wconf 82' lang='lat' dir='ltr'><strong><em>rma</em></strong></span> <span class='ocrx_word' id='word_1_541' title='bbox 1210 4123 1323 4185; x_wconf 74' lang='lat' dir='ltr'><strong><em>regeret</em></strong></span> <span class='ocrx_word' id='word_1_542' title='bbox 1347 4120 1504 4168; x_wconf 83' lang='lat' dir='ltr'><strong><em>conversio.</em></strong></span> 
     </span>
     <span class='ocr_line' id='line_1_51' title="bbox 188 4189 1504 4266; baseline -0.004 -20"><span class='ocrx_word' id='word_1_543' title='bbox 188 4193 313 4264; x_wconf 82' lang='lat' dir='ltr'><strong><em>Quodsi</em></strong></span> <span class='ocrx_word' id='word_1_544' title='bbox 332 4199 361 4246; x_wconf 91' lang='lat' dir='ltr'><strong><em>in</em></strong></span> <span class='ocrx_word' id='word_1_545' title='bbox 382 4189 558 4246; x_wconf 83' lang='lat' dir='ltr'><strong><em>boemundo</em></strong></span> <span class='ocrx_word' id='word_1_546' title='bbox 570 4190 645 4266; x_wconf 79' lang='lat' dir='ltr'><strong><em>fieri</em></strong></span> <span class='ocrx_word' id='word_1_547' title='bbox 662 4197 721 4242; x_wconf 85' lang='lat' dir='ltr'><strong><em>sine</em></strong></span> <span class='ocrx_word' id='word_1_548' title='bbox 741 4191 792 4242; x_wconf 90' lang='lat' dir='ltr'><strong><em>deo</em></strong></span> <span class='ocrx_word' id='word_1_549' title='bbox 810 4209 867 4243; x_wconf 88' lang='lat' dir='ltr'><strong><em>non</em></strong></span> <span class='ocrx_word' id='word_1_550' title='bbox 882 4201 994 4263; x_wconf 83' lang='lat' dir='ltr'><strong><em>potest,·</em></strong></span> <span class='ocrx_word' id='word_1_551' title='bbox 1020 4210 1054 4242; x_wconf 89' lang='lat' dir='ltr'><strong><em>ne</em></strong></span> <span class='ocrx_word' id='word_1_552' title='bbox 1078 4196 1109 4242; x_wconf 87' lang='lat' dir='ltr'><strong><em>in</em></strong></span> <span class='ocrx_word' id='word_1_553' title='bbox 1132 4190 1252 4262; x_wconf 74' lang='lat' dir='ltr'><strong><em>sphaera</em></strong></span> <span class='ocrx_word' id='word_1_554' title='bbox 1270 4189 1377 4262; x_wconf 78' lang='lat' dir='ltr'><strong><em>qttidem</em></strong></span> <span class='ocrx_word' id='word_1_555' title='bbox 1395 4190 1504 4242; x_wconf 85' lang='lat' dir='ltr'><strong><em>eosdem</em></strong></span> 
     </span>
     <span class='ocr_line' id='line_1_52' title="bbox 187 4260 1504 4338; baseline -0.004 -17"><span class='ocrx_word' id='word_1_556' title='bbox 187 4279 279 4321; x_wconf 85' lang='lat' dir='ltr'><strong><em>motus</em></strong></span> <span class='ocrx_word' id='word_1_557' title='bbox 303 4266 483 4323; x_wconf 79' lang='lat' dir='ltr'><strong><em>Archimedes</em></strong></span> <span class='ocrx_word' id='word_1_558' title='bbox 508 4274 567 4318; x_wconf 86' lang='lat' dir='ltr'><strong><em>sine</em></strong></span> <span class='ocrx_word' id='word_1_559' title='bbox 592 4267 688 4319; x_wconf 83' lang='lat' dir='ltr'><strong><em>divino</em></strong></span> <span class='ocrx_word' id='word_1_560' title='bbox 714 4272 828 4335; x_wconf 76' lang='lat' dir='ltr'><strong><em>ingenio</em></strong></span> <span class='ocrx_word' id='word_1_561' title='bbox 850 4273 988 4338; x_wconf 81' lang='lat' dir='ltr'><strong><em>potuisset</em></strong></span> <span class='ocrx_word' id='word_1_562' title='bbox 1013 4266 1132 4334; x_wconf 80' lang='lat' dir='ltr'><strong><em>imitari]</em></strong></span> <span class='ocrx_word' id='word_1_563' title='bbox 1158 4260 1236 4320; x_wconf 81' lang='lat' dir='ltr'><strong><em>Nihil</em></strong></span> <span class='ocrx_word' id='word_1_564' title='bbox 1261 4270 1366 4317; x_wconf 72' lang='lat' dir='ltr'><strong><em>variant</em></strong></span> <span class='ocrx_word' id='word_1_565' title='bbox 1387 4263 1504 4318; x_wconf 83' lang='lat' dir='ltr'><strong><em>Codices</em></strong></span> 
     </span>
    </p>
   </div>
   <div class='ocr_carea' id='block_1_8' title="bbox 84 4336 1506 4417">
    <p class='ocr_par' dir='ltr' id='par_1_13' title="bbox 84 4336 1506 4417">
     <span class='ocr_line' id='line_1_53' title="bbox 84 4336 1506 4417; baseline -0.005 -18"><span class='ocrx_word' id='word_1_566' title='bbox 84 4402 87 4409; x_wconf 71' lang='grc'>,</span> <span class='ocrx_word' id='word_1_567' title='bbox 187 4349 301 4417; x_wconf 84' lang='lat' dir='ltr'><strong><em>scripti;</em></strong></span> <span class='ocrx_word' id='word_1_568' title='bbox 326 4361 368 4398; x_wconf 88' lang='lat' dir='ltr'><strong><em>est</em></strong></span> <span class='ocrx_word' id='word_1_569' title='bbox 396 4361 488 4397; x_wconf 82' lang='lat' dir='ltr'><strong><em>tamen</em></strong></span> <span class='ocrx_word' id='word_1_570' title='bbox 507 4359 557 4396; x_wconf 87' lang='lat' dir='ltr'><strong><em>eur</em></strong></span> <span class='ocrx_word' id='word_1_571' title='bbox 576 4358 591 4394; x_wconf 79' lang='lat' dir='ltr'><strong><em>u</em></strong></span> <span class='ocrx_word' id='word_1_572' title='bbox 613 4343 755 4396; x_wconf 85' lang='lat' dir='ltr'><strong><em>Ciceronis</em></strong></span> <span class='ocrx_word' id='word_1_573' title='bbox 774 4359 857 4396; x_wconf 79' lang='lat' dir='ltr'><strong><em>manu</em></strong></span> <span class='ocrx_word' id='word_1_574' title='bbox 877 4360 937 4395; x_wconf 87' lang='lat' dir='ltr'><strong><em>esse</em></strong></span> <span class='ocrx_word' id='word_1_575' title='bbox 955 4358 1095 4412; x_wconf 76' lang='lat' dir='ltr'><strong><em>nunquam</em></strong></span> <span class='ocrx_word' id='word_1_576' title='bbox 1115 4338 1290 4394; x_wconf 85' lang='lat' dir='ltr'><strong><em>crediderim.</em></strong></span> <span class='ocrx_word' id='word_1_577' title='bbox 1335 4336 1411 4408; x_wconf 89' lang='lat' dir='ltr'><strong><em>Quid</em></strong></span> <span class='ocrx_word' id='word_1_578' title='bbox 1429 4344 1506 4392; x_wconf 85' lang='lat' dir='ltr'><strong><em>enim</em></strong></span> 
     </span>
    </p>
   </div>
   <div class='ocr_carea' id='block_1_9' title="bbox 181 4413 1585 4794">
    <p class='ocr_par' dir='ltr' id='par_1_14' title="bbox 181 4413 1585 4794">
     <span class='ocr_line' id='line_1_54' title="bbox 188 4413 1571 4491; baseline -0.005 -18"><span class='ocrx_word' id='word_1_579' title='bbox 188 4419 242 4474; x_wconf 88' lang='lat' dir='ltr'><strong><em>sihi</em></strong></span> <span class='ocrx_word' id='word_1_580' title='bbox 264 4419 321 4472; x_wconf 86' lang='lat' dir='ltr'><strong><em>volt</em></strong></span> <span class='ocrx_word' id='word_1_581' title='bbox 342 4425 370 4471; x_wconf 90' lang='lat' dir='ltr'><strong><em>in</em></strong></span> <span class='ocrx_word' id='word_1_582' title='bbox 391 4418 466 4472; x_wconf 82' lang='lat' dir='ltr'><strong><em>HOC</em></strong></span> <span class='ocrx_word' id='word_1_583' title='bbox 486 4416 608 4470; x_wconf 83' lang='lat' dir='ltr'><strong><em>mundo?</em></strong></span> <span class='ocrx_word' id='word_1_584' title='bbox 637 4433 672 4469; x_wconf 84' lang='lat' dir='ltr'><strong><em>on</em></strong></span> <span class='ocrx_word' id='word_1_585' title='bbox 698 4418 789 4491; x_wconf 87' lang='lat' dir='ltr'><strong><em>plures</em></strong></span> <span class='ocrx_word' id='word_1_586' title='bbox 816 4434 843 4472; x_wconf 87' lang='lat' dir='ltr'><strong><em>et</em></strong></span> <span class='ocrx_word' id='word_1_587' title='bbox 870 4418 992 4471; x_wconf 84' lang='lat' dir='ltr'><strong><em>infinitos</em></strong></span> <span class='ocrx_word' id='word_1_588' title='bbox 1018 4417 1128 4488; x_wconf 86' lang='lat' dir='ltr'><strong><em>quidem</em></strong></span> <span class='ocrx_word' id='word_1_589' title='bbox 1148 4413 1264 4469; x_wconf 89' lang='lat' dir='ltr'><strong><em>mundos</em></strong></span> <span class='ocrx_word' id='word_1_590' title='bbox 1285 4419 1445 4477; x_wconf 89' lang='lat' dir='ltr'><strong><em>constituit,</em></strong></span> <span class='ocrx_word' id='word_1_591' title='bbox 1471 4433 1505 4467; x_wconf 81' lang='lat' dir='ltr'><strong><em>ex</em></strong></span> <span class='ocrx_word' id='word_1_592' title='bbox 1567 4471 1571 4477; x_wconf 60' lang='grc'><strong>,</strong></span> 
     </span>
     <span class='ocr_line' id='line_1_55' title="bbox 186 4485 1585 4567; baseline -0.004 -18"><span class='ocrx_word' id='word_1_593' title='bbox 186 4501 326 4549; x_wconf 76' lang='lat' dir='ltr'><strong><em>sententia</em></strong></span> <span class='ocrx_word' id='word_1_594' title='bbox 344 4496 500 4547; x_wconf 86' lang='lat' dir='ltr'><strong><em>Democriti</em></strong></span> <span class='ocrx_word' id='word_1_595' title='bbox 526 4509 553 4546; x_wconf 90' lang='lat' dir='ltr'><strong><em>et</em></strong></span> <span class='ocrx_word' id='word_1_596' title='bbox 572 4493 705 4567; x_wconf 87' lang='lat' dir='ltr'><strong><em>Epicurii</em></strong></span> <span class='ocrx_word' id='word_1_597' title='bbox 735 4492 829 4564; x_wconf 77' lang='lat' dir='ltr'><strong><em>Nugae</em></strong></span> <span class='ocrx_word' id='word_1_598' title='bbox 851 4508 956 4545; x_wconf 79' lang='lat' dir='ltr'><strong><em>merae:</em></strong></span> <span class='ocrx_word' id='word_1_599' title='bbox 984 4492 1074 4545; x_wconf 86' lang='lat' dir='ltr'><strong><em>nullus</em></strong></span> <span class='ocrx_word' id='word_1_600' title='bbox 1100 4495 1200 4564; x_wconf 87' lang='lat' dir='ltr'><strong><em>quippe</em></strong></span> <span class='ocrx_word' id='word_1_601' title='bbox 1226 4489 1296 4564; x_wconf 79' lang='lat' dir='ltr'><strong><em>apud</em></strong></span> <span class='ocrx_word' id='word_1_602' title='bbox 1322 4490 1384 4544; x_wconf 88' lang='lat' dir='ltr'><strong><em>illos</em></strong></span> <span class='ocrx_word' id='word_1_603' title='bbox 1410 4489 1506 4543; x_wconf 81' lang='lat' dir='ltr'><strong><em>murtdt&#39;</em></strong></span> <span class='ocrx_word' id='word_1_604' title='bbox 1580 4485 1585 4493; x_wconf 61' lang='lat'><strong>⁴</strong></span> 
     </span>
     <span class='ocr_line' id='line_1_56' title="bbox 188 4564 1505 4643; baseline -0.004 -21"><span class='ocrx_word' id='word_1_605' title='bbox 188 4567 358 4643; x_wconf 70' lang='lat' dir='ltr'><strong><em>aedificator</em></strong></span> <span class='ocrx_word' id='word_1_606' title='bbox 376 4569 472 4622; x_wconf 85' lang='lat' dir='ltr'><strong><em>Deus:</em></strong></span> <span class='ocrx_word' id='word_1_607' title='bbox 501 4572 595 4621; x_wconf 76' lang='lat' dir='ltr'><strong><em>omnis</em></strong></span> <span class='ocrx_word' id='word_1_608' title='bbox 615 4584 682 4621; x_wconf 85' lang='lat' dir='ltr'><strong><em>essu</em></strong></span> <span class='ocrx_word' id='word_1_609' title='bbox 701 4581 728 4620; x_wconf 89' lang='lat' dir='ltr'><strong><em>et</em></strong></span> <span class='ocrx_word' id='word_1_610' title='bbox 748 4564 865 4621; x_wconf 83' lang='lat' dir='ltr'><strong><em>fortuito</em></strong></span> <span class='ocrx_word' id='word_1_611' title='bbox 884 4586 916 4622; x_wconf 79' lang='lat' dir='ltr'><strong><em>ex</em></strong></span> <span class='ocrx_word' id='word_1_612' title='bbox 935 4583 1091 4621; x_wconf 79' lang='lat' dir='ltr'><strong><em>atomorum</em></strong></span> <span class='ocrx_word' id='word_1_613' title='bbox 1112 4583 1256 4619; x_wconf 86' lang='lat' dir='ltr'><strong><em>concursu.</em></strong></span> <span class='ocrx_word' id='word_1_614' title='bbox 1301 4567 1385 4637; x_wconf 76' lang='lat' dir='ltr'><strong><em>Atqui</em></strong></span> <span class='ocrx_word' id='word_1_615' title='bbox 1406 4566 1452 4617; x_wconf 86' lang='lat' dir='ltr'><strong><em>hic</em></strong></span> <span class='ocrx_word' id='word_1_616' title='bbox 1472 4584 1505 4618; x_wconf 80' lang='lat' dir='ltr'><strong><em>ex</em></strong></span> 
     </span>
     <span class='ocr_line' id='line_1_57' title="bbox 187 4638 1505 4714; baseline -0.005 -18"><span class='ocrx_word' id='word_1_617' title='bbox 187 4645 311 4701; x_wconf 74' lang='lat' dir='ltr'><strong><em>Platonis</em></strong></span> <span class='ocrx_word' id='word_1_618' title='bbox 330 4649 468 4697; x_wconf 79' lang='lat' dir='ltr'><strong><em>sententie</em></strong></span> <span class='ocrx_word' id='word_1_619' title='bbox 488 4643 625 4713; x_wconf 85' lang='lat' dir='ltr'><strong><em>loquitur:</em></strong></span> <span class='ocrx_word' id='word_1_620' title='bbox 651 4642 711 4714; x_wconf 78' lang='lat' dir='ltr'><strong><em>iege</em></strong></span> <span class='ocrx_word' id='word_1_621' title='bbox 736 4644 828 4712; x_wconf 77' lang='lat' dir='ltr'><strong><em>itaquo</em></strong></span> <span class='ocrx_word' id='word_1_622' title='bbox 854 4647 961 4696; x_wconf 84' lang='lat' dir='ltr'><strong><em>inverso</em></strong></span> <span class='ocrx_word' id='word_1_623' title='bbox 981 4640 1093 4695; x_wconf 89' lang='lat' dir='ltr'><strong><em>ordine:</em></strong></span> <span class='ocrx_word' id='word_1_624' title='bbox 1118 4640 1241 4711; x_wconf 84' lang='lat' dir='ltr'><strong><em>Quodsi</em></strong></span> <span class='ocrx_word' id='word_1_625' title='bbox 1259 4639 1335 4693; x_wconf 86' lang='lat' dir='ltr'><strong><em>HOC</em></strong></span> <span class='ocrx_word' id='word_1_626' title='bbox 1355 4645 1385 4690; x_wconf 88' lang='lat' dir='ltr'><strong><em>in</em></strong></span> <span class='ocrx_word' id='word_1_627' title='bbox 1403 4638 1505 4690; x_wconf 81' lang='lat' dir='ltr'><strong><em>mvndo</em></strong></span> 
     </span>
     <span class='ocr_line' id='line_1_58' title="bbox 181 4716 1063 4794; baseline -0.001 -22"><span class='ocrx_word' id='word_1_628' title='bbox 181 4718 257 4794; x_wconf 80' lang='lat' dir='ltr'><strong><em>fieri</em></strong></span> <span class='ocrx_word' id='word_1_629' title='bbox 275 4727 333 4772; x_wconf 88' lang='lat' dir='ltr'><strong><em>sine</em></strong></span> <span class='ocrx_word' id='word_1_630' title='bbox 351 4720 415 4771; x_wconf 89' lang='lat' dir='ltr'><strong><em>Deo</em></strong></span> <span class='ocrx_word' id='word_1_631' title='bbox 434 4737 490 4770; x_wconf 88' lang='lat' dir='ltr'><strong><em>nort</em></strong></span> <span class='ocrx_word' id='word_1_632' title='bbox 504 4727 619 4790; x_wconf 86' lang='lat' dir='ltr'><strong><em>potest,</em></strong></span> <span class='ocrx_word' id='word_1_633' title='bbox 638 4736 673 4769; x_wconf 85' lang='lat' dir='ltr'><strong><em>ne</em></strong></span> <span class='ocrx_word' id='word_1_634' title='bbox 691 4723 722 4773; x_wconf 86' lang='lat' dir='ltr'><strong><em>t&#39;rt</em></strong></span> <span class='ocrx_word' id='word_1_635' title='bbox 740 4716 862 4787; x_wconf 78' lang='lat' dir='ltr'><strong><em>sphaera</em></strong></span> <span class='ocrx_word' id='word_1_636' title='bbox 880 4719 989 4789; x_wconf 82' lang='lat' dir='ltr'><strong><em>qrtidem</em></strong></span> <span class='ocrx_word' id='word_1_637' title='bbox 1009 4734 1063 4772; x_wconf 84' lang='lat' dir='ltr'><strong><em>cet.</em></strong></span> 
     </span>
    </p>
   </div>
   <div class='ocr_carea' id='block_1_10' title="bbox 186 4806 1504 4973">
    <p class='ocr_par' dir='ltr' id='par_1_15' title="bbox 186 4806 1504 4973">
     <span class='ocr_line' id='line_1_59' title="bbox 264 4806 1504 4883; baseline -0.002 -15"><span class='ocrx_word' id='word_1_638' title='bbox 264 4817 366 4868; x_wconf 67' lang='lat' dir='ltr'><strong><em>*Cen</em></strong></span> <span class='ocrx_word' id='word_1_639' title='bbox 385 4813 490 4867; x_wconf 79' lang='lat' dir='ltr'><strong><em>XXVi.</em></strong></span> <span class='ocrx_word' id='word_1_640' title='bbox 517 4814 577 4863; x_wconf 80' lang='lat' dir='ltr'><strong><em>Aut</em></strong></span> <span class='ocrx_word' id='word_1_641' title='bbox 595 4813 777 4882; x_wconf 76' lang='lat' dir='ltr'><strong><em>eloquentiam</em></strong></span> <span class='ocrx_word' id='word_1_642' title='bbox 795 4817 855 4863; x_wconf 88' lang='lat' dir='ltr'><strong><em>sine</em></strong></span> <span class='ocrx_word' id='word_1_643' title='bbox 873 4811 992 4883; x_wconf 78' lang='lat' dir='ltr'><strong><em>quadam</em></strong></span> <span class='ocrx_word' id='word_1_644' title='bbox 1009 4815 1042 4881; x_wconf 55' lang='grc' dir='ltr'><strong><em>νῇ</em></strong></span> <span class='ocrx_word' id='word_1_645' title='bbox 1059 4814 1165 4862; x_wconf 88' lang='lat' dir='ltr'><strong><em>maiore</em></strong></span> <span class='ocrx_word' id='word_1_646' title='bbox 1176 4808 1281 4881; x_wconf 84' lang='lat' dir='ltr'><strong><em>fluere]</em></strong></span> <span class='ocrx_word' id='word_1_647' title='bbox 1308 4809 1404 4864; x_wconf 84' lang='lat' dir='ltr'><strong><em>Nostri</em></strong></span> <span class='ocrx_word' id='word_1_648' title='bbox 1423 4806 1504 4865; x_wconf 73' lang='lat' dir='ltr'><strong><em>codd.</em></strong></span> 
     </span>
     <span class='ocr_line' id='line_1_60' title="bbox 186 4886 1093 4973; baseline -0.004 -30"><span class='ocrx_word' id='word_1_649' title='bbox 186 4906 286 4946; x_wconf 80' lang='lat' dir='ltr'><strong><em>omnes</em></strong></span> <span class='ocrx_word' id='word_1_650' title='bbox 306 4888 402 4943; x_wconf 82' lang='lat' dir='ltr'><strong><em>ordine</em></strong></span> <span class='ocrx_word' id='word_1_651' title='bbox 420 4893 592 4943; x_wconf 80' lang='lat' dir='ltr'><strong><em>venustiore:</em></strong></span> <span class='ocrx_word' id='word_1_652' title='bbox 611 4894 671 4941; x_wconf 81' lang='lat' dir='ltr'><strong><em>st&#39;ets</em></strong></span> <span class='ocrx_word' id='word_1_653' title='bbox 689 4891 794 4939; x_wconf 85' lang='lat' dir='ltr'><strong><em>maiore</em></strong></span> <span class='ocrx_word' id='word_1_654' title='bbox 812 4888 931 4959; x_wconf 81' lang='lat' dir='ltr'><strong><em>quadam</em></strong></span> <span class='ocrx_word' id='word_1_655' title='bbox 949 4886 1093 4973; x_wconf 35' lang='lat' dir='ltr'><strong><em>viufluers.</em></strong></span> 
     </span>
    </p>
   </div>
   <div class='ocr_carea' id='block_1_11' title="bbox 0 0 1708 5359">
    <p class='ocr_par' dir='ltr' id='par_1_16' title="bbox 0 0 1708 5359">
     <span class='ocr_line' id='line_1_61' title="bbox 0 0 1708 5359; baseline 0 0"><span class='ocrx_word' id='word_1_656' title='bbox 0 0 1708 5359; x_wconf 95' lang='lat' dir='ltr'><strong><em> </em></strong></span> 
     </span>
    </p>
   </div>
  </div>
 </body>
</html>
