3384 5359
231 300 293 363 tro
657 298 884 363 Burrum
906 298 1123 405 uuunnp.

228 440 346 512 denique
359 423 394 493 'et
412 456 549 495 venenum
568 442 598 493 iu
617 443 809 495 immerentem
826 437 961 497 effundas.
999 440 1188 511 Quamobrem
1206 456 1273 496 uota
1292 440 1362 495 mihi
1382 456 1411 495 et
1429 454 1564 515 operteta

226 532 273 569 tur
295 514 434 588 probitate
454 514 591 581 confisus,
617 514 724 590 opellae
750 515 833 583 huic,
859 532 941 588 quant
959 530 977 569 a
998 532 1043 569 me
1063 521 1165 589 exigir,
1193 532 1304 571 menum
1325 522 1381 570 iam
1401 514 1560 578 admoverer

224 589 340 644 candide
359 586 502 664 libereque
521 595 729 665 impertiturus,
761 595 785 645 ri
802 591 869 662 quid
888 596 918 645 iu
936 590 1058 646 lectione
1077 592 1161 645 semel
1179 590 1320 646 dumtexet
1339 595 1439 645 iterata
1458 591 1563 645 obuer-

226 671 345 720 rarerim
366 665 435 740 (ecit
455 671 529 721 enim
548 681 603 721 une
622 665 740 720 elterave
760 664 867 720 diecula
887 669 941 721 hoc
960 665 1093 739 quicquid
1110 683 1152 720 ert
1172 668 1242 721 mihi
1262 683 1357 721 uatum
1377 664 1451 742 erre)
1478 665 1562 738 quod

225 758 272 795 aut
293 740 326 794 ad
347 740 493 796 uerborum
512 747 678 796 renuentium
698 756 745 795 aut
764 742 898 796 dictiontr
919 748 1067 816 puritatem
1087 758 1211 815 spectat:
1231 759 1296 797 natu
1310 748 1474 797 minutiorer
1489 743 1557 795 illu

226 822 390 882 uarietates,
410 832 480 890 quee
500 836 587 890 neque
607 834 827 891 seurumneque
848 834 1004 873 termonem
1023 823 1170 891 quicquam
1189 815 1331 887 efficiunt,
1360 818 1410 873 alii
1429 817 1558 884 cuidam,

224 897 271 965 qui
292 898 321 948 in
340 893 395 946 iroc
413 908 554 948 mortrcec
571 892 722 947 laureolam
740 898 866 966 quaerit,
885 893 982 947 lubeca
1003 894 1138 966 relinquo.

735 1068 740 1078 t
1496 1048 1511 1077 Ι

636 1264 724 1331 An
768 1268 1063 1337 LIBRUM
1104 1267 1137 1340 Iu

233 1460 236 1467 r
299 1415 404 1471 *Can
423 1414 446 1471 l.
472 1413 512 1470 Et
529 1414 629 1468 melius
646 1425 755 1471 tuemur
773 1427 802 1470 rt
819 1417 933 1487 lautius]
960 1417 1055 1473 Codex
1072 1418 1217 1486 Gallicus,
1235 1418 1322 1472 latiur
1340 1435 1458 1492 superne
1480 1422 1551 1473 scri·

225 1507 315 1602 ptum*
323 1507 380 1619 ll}
389 1563 416 1619 d.
442 1566 521 1633 Nam
533 1584 614 1636 quum
626 1566 703 1638 apud
713 1566 838 1620 Graecos
850 1572 1076 1640 antiqrtistt'nurrrt
1087 1572 1124 1622 tit
1143 1587 1158 1620 e
1176 1567 1267 1621 doctir
1286 1584 1377 1637 genus
1384 1572 1548 1640 poetarum]

226 1640 293 1716 (Hic
312 1640 390 1695 loeus
411 1658 445 1693 ex
465 1645 499 1694 iir
518 1657 576 1709 ert,
595 1639 628 1694 de
648 1641 748 1714 quibur
769 1648 798 1697 iu
817 1642 870 1697 fius
890 1641 1073 1699 Praelatiouir
1091 1647 1201 1697 monuit
1222 1641 1406 1698 Gairlordiur.
1423 1640 1528 1716 Bard.)

263 1738 269 1753 ¹
300 1714 417 1770 *ibid
444 1717 535 1768 Arrrtr
554 1721 627 1768 enirn
648 1720 716 1787 sere
737 1717 885 1771 CCCCCX
903 1718 1105 1790 posidonium
1130 1718 1275 1773 conditam
1293 1719 1390 1772 Livius
1407 1716 1547 1788 fabulatus

224 1791 319 1864 dedit]
344 1786 583 1845 Codex'omuium
604 1798 763 1847 veterrimus
790 1810 848 1846 non
873 1798 998 1868 agnorcit
1017 1793 1125 1849 Enim:
1153 1794 1189 1845 Bt
1216 1798 1318 1847 rectiur
1344 1793 1436 1858 abest,
1461 1810 1551 1864 quum

225 1886 289 1921 mox
308 1881 438 1938 requatur
456 1866 559 1936 Igitur.
598 1866 718 1932 contra,
739 1867 842 1923 excidit
863 1887 895 1922 ex
916 1867 1060 1923 codicibur
1073 1868 1198 1929 Prouu,·
1218 1869 1316 1923 Livius
1334 1874 1439 1942 primus
1450 1867 1550 1938 sabu-

132 1978 134 1985 1
225 1943 284 1994 iam
302 1941 396 2003 dedit,·
416 1946 457 1995 ric
477 1956 572 1995 norter
592 1945 620 1995 iu
633 1943 736 2007 Bruto,
755 1959 815 2017 cap.
838 1950 880 2005 18.
918 1944 1034 2008 Livius,
1050 1950 1097 2015 qut·
1116 1948 1222 2016 primur
1234 1942 1371 2015 subtriam
1389 1944 1498 2007 docrtit,
1519 1959 1548 1996 et

225 2016 328 2070 ibidem
347 2017 392 2082 Is,⁸
416 2021 462 2088 qui
487 2019 594 2089 primus
600 2013 749 2142 Asamum
773 2018 861 2075 dedit.
906 2022 940 2072 lit
960 2019 1065 2073 Gelliur
1086 2024 1136 2084 17,
1158 2023 1201 2074 91.
1246 2021 1355 2073 Primus
1374 2025 1497 2071 omnium
1515 2017 1549 2074 1,

226 2091 324 2146 Livius
346 2100 435 2164 poeta
450 2088 576 2163 fabulas
619 2109 699 2143 ocere
724 2092 827 2146 Romae
853 2099 953 2165 coepit.
997 2095 1095 2161 Certe,
1119 2098 1175 2148 uisi
1199 2110 1312 2147 revocer
1338 2093 1406 2147 illud
1428 2093 1549 2160 Primus,

225 2166 366 2221 claudicat
387 2181 415 2220 ct
435 2166 542 2221 laborat
562 2167 706 2222 Ciceronis
727 2175 940 2241 argumentatio.

301 2246 402 2297 *Can
417 2243 455 2296 11.
476 2240 580 2295 Oratio
599 2242 734 2308 Catonis,
754 2249 784 2295 in
803 2264 858 2316 qua
877 2244 981 2297 obiecit
999 2252 1030 2296 ut
1045 2243 1189 2315 probrum]
1216 2244 1329 2315 liepouu
1348 2243 1463 2298 obiicit.
1500 2242 1550 2297 Sic

225 2321 301 2371 euim
322 2317 393 2371 solet
412 2317 524 2372 Norter.
564 2318 694 2384 intrat,
716 2325 762 2381 83.
798 2321 878 2390 Quae
896 2320 930 2372 de
949 2336 1044 2375 amore
1063 2324 1193 2370 iuventute
1211 2318 1307 2373 rcribir
1326 2320 1455 2372 Alcaeus.
1475 2324 1504 2386 5,
1522 2323 1550 2378 ὅ.

125 2392 127 2401 '
226 2394 266 2445 Ur
284 2390 386 2445 rcribir'
402 2390 536 2445 Ponticus
554 2393 727 2448 Heraclides.

300 2464 419 2521 iibri.
444 2468 506 2519 Nec
525 2476 620 2520 tamen
645 2473 670 2523 ei
695 2474 742 2541 qui
767 2474 881 2538 magnis
907 2473 1030 2542 ingeniis
1053 2473 1084 2521 its
1108 2487 1141 2521 eo
1159 2485 1262 2537 genere
1280 2473 1466 2535 restiterunt,
1494 2486 1552 2521 nors

225 2548 300 2595 satis
319 2544 493 2597 Graecorum
511 2544 623 2612 gloriae
642 2544 855 2616 responderunt]
891 2544 986 2599 Codex
1010 2549 1188 2611 teterrimur,
1214 2544 1276 2596 Nec
1300 2553 1395 2597 tamen
1419 2549 1477 2613 ric,
1502 2548 1550 2616 qui

227 2623 341 2687 magnis
369 2622 494 2686 ingeniis
520 2633 574 2671 cet.
612 2618 702 2691 Atque
728 2625 767 2673 ita
787 2621 935 2673 Vaticanus
962 2636 989 2673 et
1008 2620 1150 2673 Prturtrur
1169 2617 1319 2675 Gebhardi.
1358 2620 1453 2673 Recte.
1492 2620 1550 2673 Neu

229 2695 399 2818 taruenbric:
419 2697 451 2746 iu
470 2709 504 2747 eo
523 2710 615 2746 rerum
634 2710 723 2756 statu3
742 2694 808 2751 licet
828 2701 859 2748 in
877 2696 955 2749 nullu
973 2696 1078 2749 irounre
1098 2710 1155 2749 tum
1174 2708 1264 2748 esseut
1284 2697 1397 2768 politae,
1417 2712 1445 2748 rt
1465 2712 1552 2768 praue

227 2772 258 2821 iu
298 2785 327 2820 rc
350 2782 390 2820 ru.

278 2786 419 2896 p''lirid
445 2842 495 2894 Art
513 2841 674 2909 censemus,
691 2848 718 2894 si
735 2844 834 2915 Fabio]
861 2843 954 2900 Codex
973 2844 1095 2899 Gallirur
1115 2840 1260 2910 mendose,
1280 2842 1430 2898 Certemus.

301 2910 420 2971 eluti.
447 2916 514 2969 Non
533 2918 635 2969 multos
653 2927 740 2973 etiam
758 2920 834 2991 apud
851 2939 902 2972 nos
912 2920 1034 2992 futuros
1047 2919 1202 2989 Polycletus
1220 2927 1250 2975 rt
1261 2918 1432 2974 Parrhasios
1440 2915 1551 2989 fuisse]

146 2980 150 3001 ⁸
227 2994 321 3047 Etiam
340 2989 428 3044 codex
447 2997 570 3063 optimus
591 2992 763 3067 Poiyclitor:
790 2994 878 3047 nihilo
899 3012 992 3048 tamen
1010 3001 1102 3048 minut
1122 2994 1301 3066 Polygnotos
1324 3011 1389 3047 cum
1417 3009 1460 3049 tot
1484 2998 1551 3046 viris

228 3066 402 3121 doetirrimir
422 3070 451 3119 in
472 3068 576 3121 tex'tum
597 3071 733 3123 adrcirco.
770 3068 890 3123 Tretzee
909 3077 982 3124 euim
1004 3082 1066 3136 tuo,
1086 3075 1133 3141 qui
1151 3069 1320 3141 Polycletutu
1339 3086 1367 3123 et
1385 3074 1551 3123 statuarium

229 3157 257 3196 et
306 3146 423 3195 ictorem
453 3138 538 3207 irctr,
568 3142 672 3197 nullam
697 3142 777 3196 fidem
806 3144 910 3204 habeut
940 3151 1102 3219 praesertim
1131 3162 1215 3216 quum
1243 3142 1312 3198 duce
1341 3149 1399 3197 eius
1425 3147 1550 3197 Cenoues

228 3160 340 3280 laudet,
369 3215 430 3269 aliis
456 3218 584 3271 omuibur
610 3224 725 3272 unicum
753 3234 862 3285 tautum
887 3221 1114 3275 memorantibus.
1161 3218 1330 3272 Scholiartee
1359 3226 1411 3272 iste
1436 3221 1553 3272 Luciani

230 3296 421 3363 ineptirrimur
441 3309 499 3361 ert,
519 3298 564 3346 cui
585 3293 741 3367 Polycletur
762 3289 898 3370 γραφεὺς
917 3301 1008 3368 pictor
1026 3295 1133 3359 scium,
1153 3310 1179 3348 et
1199 3312 1255 3347 nou
1275 3299 1433 3347 statuarius.
1471 3291 1550 3365 Apud

229 3366 377 3423 Aelianum
397 3367 484 3421 codex
503 3374 621 3441 rcriptur
647 3388 702 3423 non
730 3369 812 3423 habet
839 3374 857 3426 ὸ
882 3370 1060 3447 ζωγράφος,
1084 3369 1415 3440 sedito’tt'ruettor1ric]
1435 3384 1552 3421 tautum.

229 3442 408 3514 Poiygnotus
426 3441 559 3497 lacillime
579 3438 675 3498 iactur'
688 3461 729 3497 ert
742 3442 918 3517 Polycletrrr,
938 3451 1038 3520 quippe
1058 3450 1103 3516 qui
1122 3443 1243 3497 librariir
1264 3443 1352 3499 altero
1370 3460 1428 3496 eret
1447 3448 1553 3500 notior.

231 3517 280 3571 Sic
299 3522 329 3569 iu
347 3516 518 3590 Anthoiogia
538 3519 631 3592 Epigr.
652 3526 686 3585 5,
707 3523 751 3577 ti.
777 3537 805 3572 et
824 3537 917 3574 rursur
937 3526 971 3587 it,
993 3529 1018 3582 8.
1045 3525 1074 3573 iu
1093 3524 1231 3593 picturam
1251 3519 1402 3573 Selruuori:
1423 3519 1493 3593 χείρ
1512 3537 1551 3593 με

229 3587 432 3649 Πολυκλείτου
448 3591 563 3649 θασίου
582 3591 674 3669 κάμε,
693 3594 888 3667 corrigendum
902 3596 1111 3671 tloluyrturov.
1152 3594 1318 3666 Polygnotus
1339 3599 1413 3645 euim
1430 3581 1550 3655 'l'hrrius

229 3680 308 3730 eret,
326 3663 482 3736 Polycletus
503 3664 659 3737 Sicyonius.
697 3670 733 3722 Et
753 3674 792 3722 ita
811 3675 894 3725 uertit
908 3676 1039 3737 Grotius,
1057 3668 1126 3729 Ecce
1140 3670 1294 3742 Polygnoti
1307 3668 1405 3729 Z'lrorr'i
1422 3685 1551 3733 ωηο,

228 3754 360 3796 narrante
380 3740 526 3795 Francirco
545 3742 635 3796 lunio.
1082 3783 1088 3804 .

306 3806 397 3869 ibid.
426 3817 522 3868 Honor
553 3818 608 3870 atir
638 3827 733 3883 artes,
768 3837 913 3892 omnerque
946 3817 1132 3873 luceuduutur
1158 3818 1199 3869 ad
1220 3818 1316 3870 studia
1340 3816 1449 3889 gloria]
1482 3815 1550 3871 cod.

232 3906 296 3944 tuue
314 3888 378 3943 MS.
397 3889 684 3962 incendimurrquod
703 3895 856 3964 elegantiur
876 3910 929 3949 ert.
967 3900 1015 3951 sic
1030 3913 1085 3967 pro
1105 3893 1228 3958 Archia,
1254 3909 1305 3965 cup
1336 3898 1362 3947 2.
1400 3892 1551 3946 Trahimur

231 3980 327 4017 omnes
345 3965 562 4034 erudiremur,
579 3974 608 4018 et
626 3973 745 4038 optimus
762 3976 873 4041 quisque
892 3975 1014 4022 marum
1032 3970 1129 4039 gloria
1146 3969 1266 4021 discitur,
1305 3968 1346 4020 De
1359 3962 1468 4023 Officiir
1485 3968 1509 4032 1,
1522 3971 1552 4026 6.

232 4038 337 4092 Omnes
354 4047 429 4092 enirn
449 4041 584 4094 trahimur
602 4057 630 4095 et
649 4041 776 4098 ducimur
794 4044 834 4097 ad
851 4049 1024 4113 cognitionis
1041 4053 1070 4097 et
1087 4049 1220 4097 scientiae
1238 4042 1429 4116 cupidrtotens.
1465 4046 1551 4113 igitur

232 4131 262 4169 ee
281 4131 389 4185 quoque
408 4121 482 4168 inter
499 4116 547 4169 ede
566 4134 706 4183 recenset,
726 4123 772 4190 qui
793 4119 881 4191 gloria
900 4119 1052 4179 ducuntur:
1073 4138 1127 4191 quo
1148 4135 1228 4191 pecto
1247 4134 1275 4171 et
1294 4117 1435 4187 figuratim
1453 4133 1480 4169 et
1501 4117 1551 4169 ho·

232 4194 339 4241 nertior
359 4188 388 4241 fit
409 4195 510 4245 oratio.
549 4190 639 4265 (Quae
660 4195 707 4246 hic
727 4194 760 4245 ad
780 4195 877 4260 verba,
897 4197 995 4247 Honor
1019 4196 1073 4247 alit
1092 4211 1145 4249 cet.
1167 4200 1233 4248 item
1254 4191 1325 4246 inire
1344 4211 1403 4263 cap.
1423 4195 1450 4250 5.
1471 4191 1505 4243 ad
1524 4210 1549 4245 s.

233 4263 327 4333 Quare
345 4270 372 4316 si
390 4264 497 4338 aliquid
513 4281 567 4320 cet.
588 4283 615 4321 et
641 4287 701 4340 cap.
723 4276 748 4329 3.
769 4267 803 4320 ud
823 4288 848 4323 r.
891 4271 995 4322 Dicere
1021 4278 1106 4323 etiarn
1124 4275 1214 4342 coepit
1233 4285 1288 4323 cet.
1307 4267 1491 4339 aduotauqur,
1517 4285 1551 4320 ex

221 4338 510 4471 ‘Pnorlbl'lrildemdld
528 4340 1123 4493 (ξὶἒῦἓῖἒὲδὲιζῖρῖξξὲῑιεῖἳιῑῖἰοῇἴᾶ).
1150 4435 1177 4474 te
1203 4416 1357 4481 indicente,
1385 4415 1436 4470 rub
1461 4420 1550 4469 initiie

234 4492 439 4563 typographica.
477 4494 506 4544 si
525 4493 710 4545 incenduntur
729 4495 864 4569 placeret:
885 4495 1009 4560 mallem,
1031 4498 1214 4565 Hominesque
1231 4493 1431 4557 tnrrndrortur,
1458 4497 1549 4563 potiue

234 4579 315 4635 quam
334 4581 437 4618 omnes.
457 4564 583 4620 ‘Pulsum
603 4574 678 4622 euim
699 4586 753 4636 ert,
773 4587 869 4624 umner
890 4571 924 4622 ad
945 4572 1036 4623 studia
1058 4569 1184 4630 incendi:
1211 4585 1297 4639 quum
1317 4566 1440 4640 plerique
1459 4568 1551 4618 homi-

233 4655 301 4691 uum
327 4643 383 4692 siut
410 4645 511 4693 inerter
537 4660 564 4695 et
590 4642 725 4697 bonarum
752 4651 855 4698 artium
880 4645 1059 4718 negligenter.
1102 4643 1282 4699 Incendimttr
1305 4660 1369 4696 uero
1396 4644 1468 4695 hauc
1493 4645 1549 4693 rim

233 4711 333 4779 habet,
354 4731 410 4767 uun
429 4733 523 4767 omnes
542 4718 668 4781 incendl;
688 4719 736 4772 red
756 4736 893 4792 quotquot
914 4720 1112 4787 incenduntur,
1134 4720 1222 4792 gloritt
1243 4716 1363 4772 incendi.
1401 4719 1454 4770 Pro
1468 4715 1549 4770 liabi-

232 4791 292 4852 rlo,
311 4807 372 4861 cap.
394 4799 438 4847 10.
476 4790 542 4843 Non
561 4802 603 4844 est
621 4800 681 4860 ita,
701 4795 841 4864 Quirites,
860 4814 944 4867 neque
963 4802 1106 4868 quisquam
1126 4794 1308 4851 NOSTRUM
1327 4798 1357 4844 in
1375 4792 1452 4863 turp,
1467 4795 1549 4863 prri-

226 4864 299 4914 culr’e
316 4882 377 4915 curn
394 4865 475 4917 laude
493 4886 528 4919 ac
545 4875 652 4922 virtute
670 4880 818 4941 versatur,
838 4876 905 4942 quia
921 4890 969 4942 spe
984 4877 1167 4941 posteritatis
1176 4867 1333 4940 fructuque
1351 4867 1481 4924 ducatur.
