3384 5359
313 224 315 231 ,
712 184 727 244 q
1154 206 1161 223 .

214 294 276 365 sou
466 266 857 370 ruscunnnnnuu
877 292 1279 385 nurummouunt
1332 292 1337 302 ’

214 440 331 519 salem,
354 439 427 504 dnm
445 440 649 527 segnitudinis
671 463 786 509 nomen
808 440 913 525 absit,
936 461 1056 527 grave,
1080 451 1215 518 tetrum,
1238 426 1417 516 funestum-3
1455 442 1540 525 quod
1643 430 1644 477 ἶ

213 555 286 599 mm
307 528 458 617 sapientia
482 554 570 612 esse,
595 547 711 623 atque,
742 549 778 603 ut
797 535 840 601 its
865 535 991 613 dicam,
1022 533 1168 600 habitare
1193 535 1282 600 nullo
1304 539 1402 601 modo
1427 536 1543 618 pessit.
1644 558 1645 603 f

1643 508 1645 545 l

216 630 288 695 'At
311 631 412 715 quae¹
433 629 549 713 stirpes
567 642 641 695 sunt
659 629 1001 717 aegritudinisl-quam
1016 630 1151 695 multae!
1175 650 1269 714 quam
1283 634 1426 694 amarae!
1450 651 1543 714 quae,
1644 694 1645 699 ,

216 723 288 808 ipso
310 736 424 788 manco
446 740 584 803 everso,
608 745 718 790 omnes
740 726 928 795 endendaet
949 734 1041 801 sunt,
1065 736 1117 803 ct,
1140 723 1169 789 si
1187 745 1316 791 necesse
1331 723 1412 800 erit,
1437 723 1545 809 singu·

157 823 161 830 “
216 821 255 884 lis
278 818 557 903 disputationibus.
617 820 772 902 Superest
793 819 875 884 enim
897 818 989 884 nobis
1012 820 1095 896 hoc,
1129 818 1319 884 cuicuimodi
1341 829 1407 894 est,
1432 816 1545 883 otium.

215 914 280 978 Sed
300 912 382 977 ratio
404 935 466 976 urna
486 914 625 979 omnium
646 926 696 978 est
716 915 970 1002 aegritudinum,
994 913 1087 995 plura
1111 912 1251 977 uomina.
1303 912 1385 976 Nam
1409 921 1442 973 et
1464 902 1547 973 inii-

131 1064 136 1071 .
214 1010 310 1083 dere,
335 1004 541 1092 aegritudinis
564 1014 635 1083 est3'
654 1018 686 1071 et
704 1008 877 1085 aemulari,
891 1007 954 1070 'et³
976 1008 1176 1084 obtrectare,
1200 1017 1232 1069 et
1250 1004 1413 1082 misereri,
1438 1003 1545 1090 angli,

215 1100 348 1185 lugere,
371 1119 533 1176 maerere,
557 1120 706 1165 aerumna
725 1101 826 1179 affici,
850 1098 1033 1175 lamentari,
1058 1099 1245 1175 sollicitari,
1269 1099 1399 1173 dolere,
1423 1097 1455 1162 in
1478 1117 1547 1159 mo·

214 1192 308 1258 lestis
321 1214 404 1269 esse,
428 1193 584 1272 afflictari,
606 1197 790 1281 desperare.
835 1196 891 1259 sl.
905 1193 996 1273 Haec
1008 1194 1114 1257 omnia
1129 1193 1282 1256 deliniunt
1298 1192 1421 1273 Stoici:
1445 1211 1547 1275 eaque

215 1290 333 1365 verba,
357 1308 439 1373 qnae
457 1287 541 1366 disi,
565 1288 759 1375 singularum
781 1311 891 1356 rerum
916 1298 1007 1361 sunt;
1042 1308 1128 1364 non,
1152 1298 1188 1350 ut
1212 1286 1397 1361 videntur⁵,
1423 1287 1547 1349 easdem

214 1402 267 1445 res
283 1380 480 1467 significant,
505 1385 561 1447 sed
576 1383 695 1469 aliquid
708 1383 858 1449 differunt
873 1403 882 1445 z
903 1382 991 1467 quod
1006 1378 1069 1445 alio
1084 1382 1158 1446 loco
1173 1382 1313 1447 fortasse
1327 1377 1546 1443 tractabimus.

183 1536 185 1541 ,
215 1476 309 1541 Hae⁸
326 1487 411 1547 ¹sum
437 1474 510 1540 illac
538 1476 640 1541 librae
662 1478 826 1562 stirpium,
865 1495 944 1561 quas
969 1472 1059 1539 iuitio
1083 1475 1167 1551 dixi,
1207 1474 1446 1559 persequendae
1455 1472 1481 1548 ⁷,
1507 1477 1548 1534 ‘et

206 1582 325 1635 'omnes
354 1569 547 1650 elidendae⁸,
569 1593 626 1636 ·ne
655 1574 720 1637 ulla
750 1570 913 1658 unquam⁹
934 1567 1037 1651 possit
1059 1568 1227 1633 exsistere.
1284 1568 1441 1649 Magnum
1464 1586 1546 1647 opus

214 1672 248 1727 et
269 1661 412 1728 difficiles
435 1663 508 1750 quis
531 1664 651 1752 negat?
672 1665 750 1751 quid
759 1670 786 1708 ¹⁰
808 1679 912 1730 autem
934 1662 1142 1747 praeclarum·
1161 1684 1225 1763 qon
1247 1661 1366 1725 idem¹¹
1388 1657 1548 1723 arduum?

213 1759 277 1821 sed
296 1767 399 1823 umen
424 1755 457 1821 id
479 1759 548 1821 se¹²
577 1759 763 1824 effecturam
793 1754 999 1846 philosophia
1024 1759 1214 1839 profitetur:
1248 1776 1307 1820 nos
1331 1755 1429 1819 modo
1454 1772 1548 1815 cura-

215 1849 332 1915 tionem
352 1838 420 1919 stis
441 1850 645 1934 recipiamus.
677 1855 812 1920 *Verum
834 1855 963 1941 quidem
985 1853 1256 1963 baeclhacteuus.
1302 1847 1440 1922 Cetera,
1465 1865 1546 1930 quo.

214 1942 400 2030 tieseunque
420 1945 557 2024 uoletis,
581 1958 613 2011 et
634 1946 817 2028 hocloco,
842 1961 876 2014 et
897 1950 1016 2029 aliis¹³,
1038 1957 1150 2031 parata
1171 1943 1266 2013 vobis
1288 1953 1394 2009 erunt.

683 2151 1081 2181 σ--ι-νι--οιι--ψ

560 2446 1194 2544 nnnsuousuuus

213 2681 243 2747 1.
269 2682 301 2747 l.
326 2627 461 2787 Quum
488 2683 593 2748 multis
623 2684 741 2751 locis¹⁴
771 2697 955 2751 nostrorum
982 2681 1145 2749 hominum
1175 2675 1301 2765 ingenia
1326 2675 1543 2762 virtutesque,

214 2777 339 2856 Brute,
363 2778 455 2853 soleo
482 2779 644 2856 mirari¹⁵;
678 2792 744 2844 tum
765 2752 904 2844 *martine
926 2778 959 2843 in
981 2779 1030 2842 his
1052 2775 1161 2841 studiis
1172 2776 1210 2851 ⁸⁶,
1240 2792 1320 2854 quae
1342 2790 1416 2835 sero
1433 2774 1545 2834 admo·

213 2872 465 2957 dum'espetita,
488 2872 521 2937 in
542 2875 625 2937 hanc
645 2872 841 2938 civitatense
865 2872 1002 2938 Graecia
1021 2870 1249 2961 transtulerunt
1258 2867 1297 2930 ¹⁷.
1342 2867 1423 2928 Nam
1448 2886 1544 2950 quum

212 2985 232 3029 a
253 2965 360 3048 primo
376 2968 474 3032 Urbis
497 2980 590 3045 ortu,
614 2967 715 3059 regiis
725 2969 749 3008 ¹⁸
772 2967 941 3045 institutis,
965 2966 1080 3051 partim
1103 2965 1197 3028 etiam
1222 2960 1368 3046 legibus,
1391 2959 1543 3042 auspicia,

211 3060 447 3138 caerimoniae,
470 3062 616 3141 comitis,
640 3063 940 3146 provocationes¹⁹,
964 3073 1090 3144 patrum
1113 3058 1298 3137 consilium,
1325 3054 1466 3139 equitum
1487 3073 1545 3135 pe·

211 3153 377 3242 ditumquc
398 3157 583 3243 descriptio,
607 3167 677 3221 tota
695 3178 747 3220 res
766 3156 922 3241 militaris,
947 3156 1096 3219 divinitus
1124 3152 1241 3217 esset²⁰
1263 3148 1455 3223 constituta3
1478 3158 1545 3210 tum

213 3249 403 3332 progressio
435 3248 630 3315 admirabilis
665 3250 922 3336 incredibilisque
958 3270 1068 3313 cursus
1103 3250 1144 3311 ad
1172 3266 1296 3311 omnem
1325 3240 1544 3305 excellentiam

213 3340 318 3405 lactus
337 3354 402 3419 est,
426 3343 590 3408 dominatu
609 3345 703 3431 regio
720 3366 756 3408 re
778 3346 907 3427 publica
925 3344 1072 3408 liberata.
1117 3344 1187 3405 Nec
1206 3360 1286 3404 vero
1304 3336 1355 3399 hic
1371 3336 1462 3399 locus
1480 3346 1542 3408 est,

212 3446 248 3497 ut
274 3436 312 3499 de
331 3434 474 3501 moribus
496 3437 707 3523 institutisque
730 3440 910 3515 maiorum,
934 3449 967 3503 et
993 3437 1156 3520 disciplina
1183 3456 1219 3497 ac
1240 3431 1475 3513 temperatione
1497 3424 1544 3490 ‘ci-

213 3526 321 3592 vitatis
342 3529 533 3614 loquamur;
557 3532 625 3595 aliis
646 3535 727 3598 haec
744 3533 824 3598 locis
844 3532 920 3597 satis
939 3543 1087 3596 accurate
1110 3553 1127 3593 a
1147 3528 1240 3593 nobis
1260 3525 1451 3599 dictasunt,
1476 3542 1544 3583 ma-

190 3620 362 3708 'sineque
383 3623 416 3687 in
437 3624 509 3688 iis²¹
531 3647 590 3689 sex
611 3625 718 3703 libris,
749 3648 831 3713 quos
855 3629 892 3689 dc
915 3624 1098 3708 republica
1122 3620 1351 3705 scripsimus22.
1375 3694 1379 3702 .
1406 3616 1442 3679 9.
1466 3615 1544 3678 Hoc

288 3753 326 3831 (¹)
353 3759 394 3812 De
419 3758 510 3812 Bentl.
536 3756 566 3814 d
590 3760 625 3812 Ι).
652 3759 706 3819 W.
731 3765 757 3815 2.
778 3789 816 3805 -
840 3768 923 3833 atque
942 3756 970 3813 b.
990 3758 1043 3812 Alli
1064 3756 1133 3812 Cdd.
1152 3754 1204 3810 Ed.
1225 3771 1278 3809 vet.
1297 3753 1387 3807 noun.
1407 3779 1444 3792 -
1463 3754 1543 3819 etqui

211 3829 438 3888 PABSEGVML.
460 3833 551 3888 Gebb.
571 3834 641 3890 lel.
662 3842 689 3894 1.
739 3832 777 3909 (⁹)
798 3835 845 3889 Sic
861 3835 1068 3907 *PBSRCVMD
1089 3832 1158 3890 lel.
1179 3831 1231 3889 W.
1252 3837 1278 3886 2.
1299 3845 1365 3881 enm
1384 3822 1454 3879 Cdd.
1474 3824 1541 3895 aliq.

208 3908 270 3971 (ll.)
296 3936 334 3949 -
358 3909 506 3977 eligendas
532 3929 547 3964 s
571 3908 641 3965 cdd.
669 3909 733 3981 aliq.
760 3911 854 3965 Gebb.
873 3910 908 3964 D.
928 3908 997 3965 Ern.
1018 3922 1061 3976 1.,
1089 3914 1135 3980 qul
1156 3911 1226 3959 mire
1245 3902 1369 3958 defendit
1388 3915 1451 3975 post
1471 3900 1543 3953 Bur-

210 3996 345 4036 rnsnnum
362 3982 404 4034 ad
421 3985 527 4055 Georg.
548 3992 582 4055 2,
602 3989 667 4045 407.
707 3985 745 4061 (3)
765 4015 802 4029 -
820 4003 878 4041 om.
898 3994 926 4038 et
946 3987 977 4041 L.
1024 3985 1062 4054 (⁴)
1081 4002 1118 4039 oo
1137 3992 1166 4035 et
1183 3986 1255 4051 angi
1273 3984 1303 4035 R.
1322 3979 1382 4033 VD.
1402 4005 1440 4021 -
1458 3984 1543 4047 atque

208 4061 281 4125 angl
299 4057 331 4113 L.
363 4057 464 4186 (2-
480 4061 594 4114 videtur
613 4060 690 4116 Leld.
711 4060 791 4135 prob.
813 4064 901 4117 Βοιὼ.
949 4059 987 4136 (θ)
1006 4092 1044 4107 -
1064 4060 1131 4112 baec
1151 4078 1166 4114 e
1185 4055 1255 4111 edd.
1276 4057 1341 4129 aliq.
1363 4057 1398 4108 D.
1446 4049 1485 4127 (7)
1503 4079 1543 4094 -

205 4147 362 4201 praemon
429 4132 463 4189 de
479 4138 514 4191 D.
524 4133 556 4192 G.
566 4135 634 4192 Lali.
647 4142 697 4205 (-
707 4155 776 4213 quae
785 4147 868 4211 sm,
881 4144 912 4190 us
925 4137 1090 4202 immodici,
1097 4130 1305 4209 perseqsoendac
1317 4149 1350 4184 er
1359 4131 1401 4184 El.
1415 4133 1499 4181 tertio
1508 4126 1544 4180 D.

207 4231 243 4248 -
256 4224 328 4277 quaa
339 4213 422 4262 tuitio
435 4210 499 4264 dist
528 4212 715 4265 raesecundos
727 4220 755 4264 et
767 4230 863 4266 omnes
874 4212 1022 4269 mundar.
1034 4214 1079 4269 El.
1092 4209 1178 4288 seo),
1192 4209 1230 4284 (⁸)
1248 4208 1288 4253 -2-
1305 4202 1453 4275 eligenti&
1473 4198 1544 4257 ΕΜ·

208 4278 277 4353 sltq.
292 4282 382 4338 Gebb.
396 4285 430 4338 D.
447 4294 474 4345 1.
488 4231 576 4362 sil:
589 4294 708 4362 unquam
720 4289 779 4341 ulla
793 4292 823 4343 ll.
835 4288 870 4344 D.
890 4290 942 4357 (Ψ)
956 4318 990 4332 —
1004 4288 1080 4362 quod
1091 4289 1162 4345 011.
1182 4286 1231 4353 P„
1249 4288 1291 4337 uti
1302 4280 1412 4337 uolebat
1430 4278 1542 4334 Nissen.

207 4358 260 4424 (ΙΙ)
277 4378 318 4416 =
334 4356 408 4411 tdsns
426 4370 470 4414 est
489 4363 539 4416 Ed.
561 4378 615 4416 vet.
635 4365 723 4418 Bonis.
744 4392 781 4407 -
800 4363 876 4437 quod
892 4382 950 4418 non
967 4364 1040 4418 idem
1058 4361 1122 4418 ard.
1142 4361 1192 4417 cd.
1211 4362 1277 4416 Urs.
1297 4354 1375 4412 Leld.
1422 4354 1474 4423 (¹²)
1494 4351 1544 4406 Sit

205 4431 301 4499 cdd,
332 4438 416 4488 etism
440 4437 469 4490 b.
494 4436 563 4491 Rdd.
590 4454 654 4491 ante
681 4439 774 4494 Gebb.
795 4441 829 4494 D.
851 4440 922 4496 Lall.
940 4440 994 4500 W.
1014 4446 1041 4496 2.
1062 4470 1098 4483 -
1117 4455 1174 4492 om.
1192 4454 1222 4490 se
1242 4433 1334 4489 Gebb.
1357 4439 1382 4492 1.
1434 4428 1485 4497 (Β)
1506 4454 1545 4471 ···

83 4536 88 4555 a
207 4509 276 4560 alibi
296 4510 328 4563 L.
348 4509 435 4566 solus.
473 4510 523 4585 (¹1⁴)
543 4543 582 4556 -
599 4514 736 4566 nuelttsr'n
748 4516 936 4572 loclsABCV.
974 4513 1024 4589 (¹⁵)
1038 4514 1226 4566 -adnu'tari
1239 4511 1281 4570 E.
1311 4507 1361 4577 (¹⁶)
1376 4506 1423 4560 sic
1438 4502 1543 4557 ADW·

207 4599 272 4637 cum
298 4583 376 4641 edd.
395 4608 432 4643 =
452 4593 486 4638 ln
511 4587 567 4640 lutis
591 4597 627 4642 st.
648 4588 676 4644 b.
697 4592 727 4645 P.
747 4620 786 4633 —
804 4597 834 4643 ln
854 4597 891 4642 tis
909 4599 946 4644 st.
967 4592 1018 4645 stt.
1039 4620 1073 4633 —
1093 4596 1129 4642 iis
1147 4596 1232 4641 inst.
1253 4586 1319 4641 Ml..
1339 4613 1374 4626 -
1393 4580 1438 4632 hit
1456 4584 1485 4629 tn
1505 4585 1544 4629 tl·

206 4658 262 4713 CV.
284 4659 374 4715 Gebb.
395 4661 464 4717 Lali.
486 4670 510 4720 1.
531 4671 558 4720 2.
598 4661 648 4740 (¹⁷)
668 4694 705 4708 -
724 4672 902 4718 translerwrt
921 4671 991 4719 mlra
1011 4666 1078 4720 Ern.
1099 4681 1174 4738 susp.
1213 4661 1263 4736 (¹⁸)
1282 4658 1544 4731 ..parttmrsgs't's

206 4733 239 4787 Ι..
259 4731 289 4790 li„
312 4736 431 4809 improb.
452 4743 507 4791 ism
528 4740 623 4793 Bruto.
671 4738 723 4814 (Ν)
748 4770 786 4783 -
806 4747 1006 4815 prostrationes
1025 4748 1095 4795 mira
1118 4744 1179 4797 Urs.
1199 4757 1274 4812 susp.
1322 4734 1372 4809 (²⁰)
1393 4762 1431 4776 ·-
1449 4734 1544 4781 mm?

208 4810 258 4862 us.
280 4810 359 4882 prob.
378 4812 445 4867 Era.
498 4814 549 4884 (2¹)
569 4840 607 4859 .-
625 4813 671 4866 lus
691 4820 722 4869 u.
743 4817 899 4873 rancun.
951 4815 1001 4892 (2²)
1023 4816 1070 4871 stc
1090 4820 1122 4871 a.
1144 4818 1195 4872 cr.
1214 4815 1272 4868 cv,
1293 4810 1385 4868 Gebb.
1404 4807 1545 4929 seso?

166 4913 172 4925 ·
205 4891 422 4957 consumsimus
441 4888 514 4947 021.
534 4891 720 4951 PABSEML.
966 4924 971 4941 ·
1270 4904 1273 4919 '
