3384 5359
705 312 772 379 sn
794 311 887 378 utu.
909 281 957 376 ν’.
1334 329 1338 338 ’
1432 320 1494 389 aaa

166 441 335 518 repudiant,
360 460 477 516 quaram
500 445 636 503 iudicium
658 465 713 504 nna
739 468 804 506 cum
829 450 925 525 digitis
948 447 1135 512 adhibendam
1157 469 1209 511 est.
1246 456 1329 513 Nulla
1349 465 1425 517 enim
1445 462 1496 519 hio

165 518 343 580 modulatim
367 526 477 576 numeri
500 522 606 578 absoni.
644 526 738 597 Neque
762 546 826 582 tero
849 527 920 581 ullus
942 527 990 582 hic
1009 533 1098 581 tersui
1117 528 1196 582 loeus
1214 548 1266 587 est.
1304 537 1396 605 Quum
1416 544 1493 594 enim

166 612 233 647 uera
254 598 301 648 hic
324 595 439 652 historia
462 613 605 665 narretur,
628 604 676 674 qui
698 619 800 673 quaeso
822 608 913 676 potuit
936 619 1039 675 coquus
1061 605 1210 675 Spartanus
1233 611 1398 665 versiculum
1417 614 1494 669 Lati·

166 687 237 726 utrm
260 675 432 724 memorare?
461 681 622 746 praesertim
645 693 793 751 antequam
818 695 865 732 aut
886 680 992 733 Ennius
1011 694 1059 731 aut
1077 679 1148 732 ullus
1166 681 1327 738 Latinorum
1346 692 1494 760 potiturum

165 761 342 799 nasceretur.
381 749 473 816 Quare
492 751 573 804 uerba
593 757 685 824 potius
705 756 851 808 Ciceronis
871 758 944 819 sint,
966 770 996 806 ut
1016 754 1150 807 hactenus
1170 773 1233 811 sunt
1252 765 1415 818 existimata.

246 821 328 874 cir.
349 823 484 877 xxxiv.
511 826 601 895 Quam
623 831 712 881 multu
732 850 768 881 est
793 835 874 883 terra
895 829 1092 901 arboribusque
1114 836 1287 898 gignuntur,
1310 856 1393 905 quum
1411 845 1492 912 copia

156 892 267 967 sacili,
298 904 356 947 tum
381 905 527 951 suavitate
547 909 741 974 praestantia]
776 907 818 959 Tu
849 905 974 959 Lanrhiui
1003 902 1223 960 emendationem
1251 910 1366 982 probas:
1399 914 1491 984 Quum

164 976 248 1040 copia
260 967 369 1040 sacili,
393 979 452 1024 tuns
473 982 617 1029 sauvitate
640 980 883 1035 PRAESTANTI.
922 978 1004 1051 Quod
1026 986 1085 1035 sine
1109 979 1192 1034 dubio
1217 983 1426 1056 praeferendum
1447 1008 1490 1046 est

164 1045 293 1117 vulgato:
323 1061 367 1109 et,
397 1051 421 1099 si
442 1048 528 1102 codex
548 1052 709 1120 accederet,
738 1073 794 1107 non
814 1073 1006 1129 repugnarem.
1045 1053 1114 1120 Sed,
1144 1060 1207 1127 qnia
1234 1057 1262 1111 id
1284 1078 1422 1133 nonest,
1447 1070 1492 1121 sio

164 1118 296 1191 equidem
318 1120 431 1187 malim,
451 1124 543 1194 Qtatm
562 1134 643 1200 copia
664 1131 824 1197 FACILM,
848 1140 907 1184 tum
927 1136 1072 1183 suavitate
1086 1139 1277 1203 praestantia.

243 1196 324 1250 Cas.
348 1197 467 1250 XXXV.
500 1201 558 1253 Cur·
579 1209 672 1273 igitur·
694 1206 813 1258 divitiae
838 1206 1052 1260 desiderentur?
1079 1215 1131 1257 aut
1152 1207 1198 1259 ubi
1216 1219 1372 1280 paupertas
1393 1213 1491 1268 beatas

164 1287 228 1322 esse
249 1289 307 1323 nou
329 1272 419 1322 sinit?
450 1275 566 1343 Signis,
588 1280 687 1345 eredo,
710 1281 828 1347 tabidis,
850 1281 933 1336 ludis.
971 1283 1003 1333 Si
1023 1286 1085 1353 quis
1106 1292 1165 1349 est,
1189 1289 1236 1353 qui
1256 1283 1300 1336 iris
1321 1287 1489 1352 detestaturi

163 1363 257 1397 nonne
279 1347 376 1397 melius
398 1354 493 1400 tenues
512 1350 637 1406 homines
649 1355 811 1426 fruuntur,
839 1377 923 1427 quam
948 1357 1006 1423 illi,
1029 1362 1075 1427 qui
1094 1355 1137 1410 his
1153 1358 1317 1413 abundant?
1340 1363 1394 1415 Est
1415 1371 1489 1419 enim

163 1439 263 1472 earum
285 1428 406 1473 omnium
429 1442 523 1476 rerum
541 1438 640 1482 nostra
658 1436 689 1484 in
709 1432 775 1483 serbe
794 1451 902 1484 stemma
922 1438 953 1484 iu
970 1432 1080 1503 publico
1101 1439 1199 1504 copia:
1223 1452 1293 1504 quae
1312 1443 1360 1507 qui
1376 1446 1490 1510 priuati

162 1494 285 1561 laudent,
307 1515 357 1549 nec
377 1505 436 1549 tam
455 1501 543 1553 multa
562 1513 590 1555 et
608 1524 678 1558 raro
696 1507 812 1573 uident,
836 1527 918 1579 quum
933 1512 963 1558 in
978 1527 1030 1559 sua
1048 1525 1117 1558 rura
1133 1518 1287 1562 venerunt:
1312 1531 1380 1582 qtsos
1394 1524 1489 1569 tamen

158 1578 268 1643 pungit
283 1572 411 1643 ‚aliquid
428 1594 509 1646 quum
529 1579 579 1630 illa
598 1582 670 1633 stude
688 1581 811 1635 habeant
824 1583 1029 1651 recordentur]
1056 1583 1158 1636 Totum
1174 1585 1248 1638 huuc
1264 1584 1359 1651 locum
1374 1608 1489 1646 necesse

163 1664 226 1702 erat
244 1646 416 1715 describere,
437 1666 465 1703 ιιι
484 1650 594 1706 facilius
614 1657 731 1731 intelligi
753 1664 856 1730 possit,
875 1657 942 1729 quid
958 1658 1049 1712 velim.
1086 1656 1158 1711 Vide
1175 1664 1260 1732 igitur
1277 1661 1345 1714 illud
1362 1665 1488 1721 tuuis:

163 1705 193 1777 ei
216 1738 299 1794 quam
325 1723 396 1776 male
418 1730 445 1778 ei
470 1735 615 1783 conveniat
637 1750 700 1787 eum
722 1733 916 1806 sequentibus,
938 1739 1089 1807 perspice.-
1110 1733 1205 1803 Qttae,
1231 1739 1334 1806 inquit,
1356 1747 1403 1809 qui
1420 1746 1490 1813 pri-

161 1804 229 1850 vair·
247 1798 366 1850 habent:
389 1815 423 1852 au
443 1801 544 1856 habere
563 1805 644 1858 iudos
661 1809 759 1862 Latine
779 1808 900 1863 dicitnr?
923 1826 958 1862 an
981 1813 1080 1883 privati
1103 1825 1194 1863 autem
1214 1807 1290 1865 domi
1309 1811 1489 1870 ludosinsti-
1588 1806 1595 1820 ⁸
1670 1834 1682 1860 ⁴

164 1873 301 1930 tuebanti
324 1875 454 1945 Sequitur
470 1894 549 1944 mox,
568 1881 609 1932 Et
623 1901 691 1935 raro
706 1884 819 1951 uident,
840 1904 922 1956 quum
938 1891 969 1936 iu
983 1903 1035 1935 sua
1051 1902 1122 1935 rura
1140 1893 1297 1939 uenerunt:
1323 1892 1376 1942 hoo
1394 1896 1489 1960 signis

163 1966 193 2002 et
216 1949 319 2002 tabidis
337 1948 408 2003 hene
429 1959 575 2021 contenit,
601 1975 670 2030 qnae
696 1960 816 2013 insiliis
839 1966 896 2013 suis
917 1959 1017 2012 habere
1043 1960 1158 2013 Romani
1184 1976 1312 2032 proceres
1339 1980 1488 2021 consuete>

162 2040 244 2077 rant:
269 2023 356 2077 Ludis
379 2044 443 2078 vero
463 2033 590 2085 minime.
629 2034 667 2087 Ut
693 2052 720 2087 et
746 2034 813 2088 illud
838 2035 969 2106 denique:
996 2039 1101 2105 pungit
1125 2036 1248 2105 aliquide
1274 2037 1311 2090 ob
1330 2041 1488 2112 peculatum

162 2099 276 2154 scilicet
296 2115 324 2152 et
346 2101 521 2173 sacrilegium
544 2120 558 2156 a
581 2125 610 2159 se
636 2108 800 2163 admissum:
828 2111 988 2183 plerumque
1011 2115 1084 2163 euim
1106 2115 1194 2179 signa
1214 2111 1262 2164 illa
1286 2130 1313 2167 et
1336 2116 1448 2170 tauta
1470 2137 1486 2171 e

163 2176 281 2229 Graecis
309 2174 422 2228 urbibus
449 2179 610 2253 templisque
636 2190 732 2258 rapina
757 2179 803 2240 au't
830 2184 905 2239 furto
931 2186 1036 2238 ablatae
1062 2201 1154 2245 erant3
1179 2185 1214 2238 de
1240 2203 1293 2257 qua
1316 2206 1345 2242 re
1372 2193 1485 2247 consule

163 2255 290 2302 actiones
307 2255 336 2306 in
352 2252 473 2306 Verrem.
514 2254 566 2309 Sed
583 2258 648 2327 quid
665 2261 736 2327 hoo,
757 2260 888 2328 obsecro,
910 2260 944 2314 ad
961 2259 1042 2313 lttdos
1060 2263 1198 2332 pertineti
1221 2260 1303 2316 Videt
1324 2267 1396 2332 itm,
1425 2274 1486 2340 opi-

161 2343 233 2388 nor,
254 2323 382 2378 lectionis
403 2344 529 2400 receptae
547 2339 720 2403 pravitatem.
759 2338 800 2389 Tu
821 2336 881 2409 legs
901 2354 956 2404 non
981 2342 1019 2389 ita
1041 2350 1140 2407 magua
1162 2342 1333 2406 mutatione,
1358 2349 1386 2393 et
1409 2348 1485 2396 enim

162 2415 191 2452 et
211 2399 433 2456 distantibus
453 2409 564 2478 scriptis
585 2424 666 2482 saepe
687 2409 907 2472 confunduntur;
930 2413 1043 2480 Signis,
1065 2409 1164 2476 eredo,
1185 2420 1212 2463 et
1231 2414 1335 2465 tabulis
1352 2417 1486 2473 PiCTlS.

163 2474 213 2530 sie
231 2473 307 2546 loqui
328 2475 453 2529 solebant
471 2478 538 2534 boui
558 2489 722 2555 scriptores:
746 2487 878 2540 Horatius
898 2488 986 2559 Epist.
1007 2487 1081 2552 1,2.

240 2551 277 2601 Ut
301 2550 404 2621 lippum
426 2558 515 2626 pictae
539 2557 661 2624 tabulae,
679 2559 819 2631 fomenta
836 2562 1009 2633 podagram.
1054 2560 1141 2614 Serm.
1165 2560 1194 2624 l,
1218 2568 1261 2619 1..
1290 2563 1409 2633 Cogeris
1433 2576 1485 2620 atet

161 2626 248 2696 pictis
273 2633 414 2696 temptam
436 2631 561 2697 gnttders
589 2633 707 2690 tabellis.
745 2638 835 2711 Epist.
860 2638 906 2700 11,
931 2643 956 2692 1.
994 2634 1143 2706 Stupendit
1169 2640 1244 2708 pieta
1269 2641 1378 2691 vultum
1404 2661 1486 2694 men-

160 2707 270 2768 temque
293 2699 403 2754 tabella.
442 2704 540 2760 Cicero
562 2712 638 2781 ipse,
667 2709 700 2764 de
720 2713 784 2766 Nat.
802 2714 886 2767 neor.
907 2713 952 2776 ll,
973 2711 1019 2768 24.
1063 2710 1120 2780 Qui
1145 2716 1237 2778 '’65⁸¹‘'
1264 2721 1410 2781 wimales
1439 2719 1487 2770 31·

159 2773 277 2830 GNUM
295 2784 345 2827 aut
361 2777 543 2835 TABULAM
559 2785 702 2840 PicTAM
721 2806 803 2858 quum
827 2785 1005 2857 adspexerit,
1031 2792 1103 2836 scire
1121 2785 1276 2839 adhibitam
1297 2801 1356 2841 esse
1376 2799 1485 2850 artem:

158 2864 190 2902 et
211 2849 270 2914 iii,
288 2855 334 2909 37.
372 2851 474 2906 Nonne
495 2859 700 2914 animadvertite
724 2881 761 2914 ea.-
786 2871 830 2915 tot
858 2863 1014 2917 TABULIS
1038 2861 1176 2928 PlCTIS,
1198 2881 1281 2933 quam
1305 2866 1387 2917 misdi
1408 2873 1486 2918 votis

157 2927 220 2974 visu
241 2931 420 2995 tempestatis
439 2922 612 3000 effugerint?
639 2938 693 2990 Pro
713 2939 813 2992 floreio
833 2937 965 2991 Amerino
987 2954 1012 2991 e.
1032 2938 1077 2992 46.
1115 2935 1191 3006 Quid
1210 2947 1361 3007 praeterea
1383 2943 1487 2994 caelati

158 3001 300 3066 argenti?
321 2991 388 3070 uisci
405 3008 553 3074 stragulae
571 3013 681 3064 uestis?
702 3014 768 3083 quid
787 3014 979 3067 Pic'rauuai
999 3011 1251 3066 TauULsitith
1272 3013 1339 3082 qud
1355 3016 1485 3071 SIGNO-

158 3073 266 3127 Rusti
288 3076 355 3145 quid
372 3088 523 3132 marmoris
542 3086 619 3155 apud
636 3089 714 3140 iilum
728 3096 840 3160 putatis
857 3089 937 3141 esse?
962 3089 1111 3157 Postquam
1134 3087 1202 3139 haec
1222 3092 1402 3159 scripseram,
1422 3107 1485 3144 sero

164 3147 223 3201 hoc
246 3151 423 3206 animadverti
446 3155 518 3228 apud
540 3161 719 3218 Lambinum:
751 3166 887 3236 Quidam,
917 3168 1024 3234 inquit,
1052 3161 1155 3212 tabulis
1175 3166 1277 3231 pictis,
1303 3163 1394 3214 deleta
1410 3184 1484 3220 ,νοιι

157 3220 250 3276 ludis:
273 3243 292 3274 a
309 3226 407 3296 quibsts
425 3229 569 3290 dissentio.
610 3239 688 3293 itane
708 3258 781 3308 vero,
806 3245 848 3296 vir
866 3242 991 3313 optime?
1011 3237 1116 3291 nollem
1136 3231 1249 3289 lactum.
1277 3237 1330 3291 Sed
1347 3238 1408 3292 aliis
1429 3247 1483 3294 tuis

157 3313 236 3351 recte
255 3295 336 3354 iactis
357 3302 412 3355 hoc
431 3322 552 3374 erratum
573 3314 743 3383 pensabitur.

237 3374 314 3430 Cas.
337 3377 486 3436 xxxvii.
518 3385 580 3438 Iam
603 3406 672 3443 uero
698 3393 840 3453 exsilium,
874 3393 901 3442 si
929 3406 1021 3442 rerum
1048 3401 1193 3451 naturam,
1222 3404 1278 3437 non
1300 3392 1485 3456 ignonimiam

158 3453 283 3499 nominis
303 3457 474 3521 praeterimus,
504 3470 635 3529 quantum
659 3465 766 3517 demum
792 3485 811 3517 a
832 3475 969 3538 perpetius
992 3467 1225 3536 peregrinatione
1250 3456 1381 3537 affici]
1408 3467 1485 3535 Quid

158 3523 210 3578 hic
232 3542 326 3578 rerum
346 3536 451 3580 nattam
473 3530 572 3603 faciat,
598 3557 704 3611 nequeo
725 3540 888 3613 intelligere.
927 3543 1056 3612 Corripe,
1082 3537 1142 3590 itui
1162 3545 1305 3591 statueram.
1344 3541 1373 3594 Si
1398 3546 1485 3614 ipsam

158 3599 252 3653 exsilii
272 3616 407 3667 naturam,
428 3623 485 3661 non
502 3628 605 3665 nomen
622 3615 706 3670 modo
721 3617 910 3689 expendimus.
936 3615 990 3667 lter
1009 3630 1035 3667 et
1056 3630 1156 3664 nomen
1175 3617 1276 3685 passim
1297 3632 1484 3688 opponuntur.

236 3673 328 3729 ibid.
356 3679 582 3753 atestinum,
604 3694 761 3758 ignominia
779 3690 901 3763 afficere
923 3697 1093 3762 sapientem:
1117 3687 1163 3762 (de
1181 3694 1307 3759 sapiente
1327 3698 1399 3760 enim
1418 3691 1485 3743 leaeo

158 3753 253 3799 amnis
272 3748 379 3826 oratio)
400 3757 458 3822 est,
480 3766 525 3811 eui
542 3768 602 3814 iure
620 3765 653 3816 id
671 3767 797 3820 accidere
817 3785 873 3818 non
892 3771 998 3838 possit:
1020 3785 1086 3818 narn
1106 3768 1167 3814 iure
1186 3767 1360 3817 exsistantem
1380 3784 1484 3818 conso-

157 3822 219 3874 tari
243 3842 300 3876 non
322 3836 455 3901 oportet]
483 3835 531 3889 His
558 3838 648 3895 verbis
674 3841 761 3897 edidit
788 3842 968 3904 Gebhardus,
996 3845 1106 3895 insertis
1135 3854 1226 3890 tamen
1253 3846 1410 3904 asteriscis,
1436 3847 1483 3913 qui

158 3895 265 3968 aliquid
286 3901 331 3954 hic
351 3901 444 3958 deesse
467 3927 661 3970 monstrarent.
700 3913 822 3983 Horum,
842 3935 872 3970 ut
891 3917 1031 3989 loquitur,
1046 3914 1223 3986 foeditatem
1243 3914 1354 3968 sustulit
1377 3932 1486 3987 postre-

159 3988 223 4025 mae
243 3974 373 4031 editionis
394 3989 587 4044 concinnator.
627 3985 803 4046 Praeclarum
821 4011 884 4046 tero
904 3992 1026 4045 latinus!
1049 3989 1102 4046 Sed
1124 3984 1274 4059 quomodo,
1299 3990 1340 4042 his
1362 3996 1484 4057 remotis,

148 4046 254 4108 ,locum
278 4056 417 4125 integrum
436 4074 463 4112 et
485 4060 626 4118 sinceium
648 4071 788 4140 praestati
814 4068 920 4135 «Sine,
942 4072 1048 4138 inquit,
1068 4063 1174 4117 afficere
1194 4068 1344 4136 sapientem
1364 4070 1486 4136 ignomi-

157 4125 226 4188 niis
253 4124 308 4178 ¹¹⁰⁰
333 4144 391 4194 ⁸⁸12
406 4129 482 4201 fac,
505 4141 615 4208 pone.”
654 4144 714 4197 Hoc
736 4149 857 4216 primum
880 4160 920 4196 est
944 4143 1064 4195 hominis
1084 4140 1216 4209 elegantis
1238 4153 1397 4209 peccatum:
1421 4156 1485 4194 nam

156 4203 220 4251 siae
242 4217 377 4272 nusquam
401 4208 470 4262 valet
487 4213 545 4284 fac
567 4215 609 4268 vel
626 4237 715 4288 pone,
737 4218 785 4273 sed
804 4225 936 4290 permitte
959 4234 1005 4271 aut
1027 4221 1125 4268 mitte:
1147 4212 1220 4285 quod
1242 4212 1275 4265 ab
1299 4213 1351 4266 liae
1373 4232 1485 4268 senteu-

157 4278 199 4327 tia
221 4292 332 4345 prorsus
354 4279 482 4340 alienum.
517 4284 629 4357 Verum,
649 4310 718 4361 esto,
739 4311 768 4348 ut
785 4295 923 4367 siguificat
939 4310 1030 4364 pone:
1049 4289 1114 4362 quid
1135 4307 1193 4343 tum
1214 4291 1328 4360 postea?
1348 4307 1397 4348 cur
1416 4290 1485 4343 iliud

158 4349 307 4418 concedit,
330 4357 403 4425 quod
424 4368 537 4417 omnino
556 4368 713 4440 negandum
734 4373 811 4424 erati
836 4370 935 4434 Ponit,
960 4371 1067 4439 inquit,
1090 4374 1121 4417 ut
1140 4382 1199 4415 rem
1209 4364 1332 4434 jatttam
1348 4367 1484 4436 planeque

155 4423 319 4481 absradam.
347 4431 437 4488 Homo
457 4454 524 4492 sane
541 4448 646 4496 suavis:
666 4449 754 4500 immo
770 4445 883 4498 alterius
900 4446 970 4496 haec
988 4447 1059 4496 ratio
1076 4456 1128 4505 est,
1148 4456 1203 4492 non
1217 4443 1370 4504 Ciceronis,
1392 4446 1484 4493 omnia

148 4497 243 4572 fatue
262 4510 291 4553 et
310 4503 430 4561 absurde
448 4530 558 4583 ponere.
592 4518 656 4586 Sed,
675 4536 705 4574 ut
726 4525 843 4573 maxime
864 4535 947 4594 ponat
968 4536 1026 4570 rem
1045 4513 1160 4579 fatuam,
1183 4529 1211 4566 at
1230 4530 1305 4567 certe
1324 4530 1385 4567 eam
1405 4513 1485 4568 refel-

156 4575 216 4628 lere
235 4593 332 4648 postea
351 4597 379 4635 et
398 4585 516 4642 refutare
536 4585 872 4662 &uehementiorem
894 4596 940 4647 hie
959 4590 1097 4647 eiusmodi
1116 4606 1167 4644 est.
1195 4587 1316 4643 'Omitto
1336 4590 1388 4643 alia
1408 4594 1487 4658 vitia,

157 4665 229 4723 quae
251 4649 337 4707 facite
356 4675 428 4715 esset
447 4672 591 4738 prosequl:
615 4687 678 4724 nam
700 4671 764 4742 quid
788 4689 839 4743 ego
862 4687 926 4724 cum
946 4669 993 4722 illo
1012 4668 1122 4740 loquar,
1145 4669 1190 4718 cui
1212 4680 1318 4718 tantum
1339 4665 1436 4718 iudicii
1455 4682 1484 4720 et

158 4732 297 4781 acuminis
320 4746 378 4798 est,
402 4739 436 4792 ui
452 4740 550 4795 melius
570 4748 594 4797 ei
615 4743 714 4813 luerit,
738 4752 767 4801 in
787 4747 968 4800 obscurorum
988 4748 1118 4797 Virorum
1134 4739 1273 4814 Epistolas
1293 4746 1485 4806 commentari,

157 4817 241 4873 quam
263 4808 425 4866 Ciceronem
447 4831 474 4877 et
493 4815 582 4874 bonos
603 4820 759 4899 Scriptores
780 4824 909 4896 tangere?
933 4822 1084 4893 Te·potius
1104 4815 1228 4889 appello,
1249 4820 1289 4867 ml
1310 4820 1414 4878 emicet
1436 4820 1483 4870 ⁰¹¹1

157 4880 218 4931 lure
241 4878 309 4934 adeo
332 4893 452 4964 contigit
480 4890 526 4948 hio
545 4894 601 4952 lobi
622 4915 649 4953 et
670 4915 775 4969 em,
798 4896 871 4970 quod
891 4912 946 4951 tam
966 4899 1058 4948 nasuti
1078 4894 1200 4946 hominis
1218 4895 1387 4945 sententiam
1406 4908 1484 4948 secu-

214 4974 282 5024 citer.
298 4984 381 5029 Tmetrl.
1064 4967 1105 5028 20
