3384 5359
215 319 279 385 292
561 359 564 366 ι
646 316 874 383 BENTLEll
898 316 1115 383 EMENDD.

212 429 360 517 tridenti
381 461 439 513 suis
456 455 636 522 Gebbtrdnse
661 429 831 531 sculptorum
850 457 980 513 codicum
1001 461 1162 513 auctoritati
1182 473 1296 531 uterque
1317 471 1483 518 cesserunt:
1517 463 1571 513 sta

213 555 245 592 us
264 555 296 590 co
322 537 458 607 plectitur
476 537 584 609 postire
604 536 651 589 hic
671 534 866 607 accipiendum
887 540 1057 589 existiment.
1097 533 1128 589 id
1149 553 1233 607 quum
1252 536 1302 588 tibi
1319 535 1418 588 durum
1437 551 1469 588 et
1490 540 1570 588 sine

213 558 340 686 exemffio
362 616 464 664 merito
486 609 641 678 videretur,
667 626 696 665 tu
720 610 872 683 confugisti
893 610 926 663 ad
949 610 1164 670 Hellenismutnt
1191 628 1245 681 quo
1266 628 1423 684 pronomen
1446 610 1571 664 eodem

211 705 280 743 essu
303 687 395 742 efferri
420 687 491 740 soiet
516 701 549 737 ec
574 695 676 739 nonien
702 687 879 742 antecedens.
919 686 971 739 Sed
997 690 1054 739 scri
1082 703 1109 738 et
1135 692 1270 759 castigato
1296 685 1400 739 iudicio
1427 687 1480 740 hic
1512 703 1570 741 ess

212 782 291 838 opus.
330 764 464 832 Quemvis
487 766 563 814 enim
584 766 758 816 verissimum
781 766 834 828 sit,
858 760 1059 814 benedicendi
1080 759 1449 835 tormulomepadbesinos
1473 762 1572 815 obti-

211 845 323 905 nuisse,
347 851 377 892 ιιι
400 853 451 891 aas
474 836 599 909 pluribus
620 836 791 892 ostendimus
812 836 848 889 ed
868 836 935 889 iliud
956 837 1047 889 Flacci
1068 837 1193 890 Sermon.
1215 838 1244 901 i,
1264 838 1292 893 6.
1312 857 1336 889 ν.
1353 840 1399 895 65.
1437 836 1568 902 Iudice,

209 934 267 988 spuo
287 915 381 978 nosti,
407 913 529 986 populos
553 910 601 965 ubi
624 912 706 985 vulgo
730 911 818 967 fertur
840 931 920 983 quem
940 909 1039 964 rtasti:¹
1064 912 1132 964 iliud
1155 928 1247 965 tamen
1270 909 1472 965 observandum
1498 930 1568 980 est,

211 989 356 1044 dumtaxat
376 990 432 1041 boc
451 987 510 1040 fieri
530 988 644 1041 solitum
665 992 696 1041 in
717 987 808 1042 verbis
833 1005 896 1040 usus
924 985 1136 1059 frequentioris,
1163 993 1251 1058 iisque
1277 986 1336 1040 iere
1362 1003 1407 1041 eut
1435 994 1566 1060 primae

212 1082 261 1120 sut
279 1063 416 1120 secundae
433 1078 577 1136 personae,
598 1079 720 1136 quaeque
737 1062 777 1116 ibi
793 1063 848 1117 ioci
868 1061 1067 1136 deponentium
1087 1080 1135 1116 seu
1157 1062 1394 1118 intransitivomm
1412 1080 1566 1118 natumst

211 1143 325 1196 bobent.
365 1140 411 1193 Sic
435 1142 464 1191 iu
488 1138 618 1192 omnibus
644 1139 778 1213 exemplis
804 1157 831 1193 ιι
856 1144 910 1192 tuis
934 1155 961 1191 et
985 1142 1070 1204 meis,
1094 1138 1204 1200 iiidice,
1234 1157 1288 1210 quo
1309 1146 1401 1199 nosti,-
1436 1129 1562 1206 caiisa,

212 1235 267 1288 qua
284 1217 364 1273 dixit
384 1213 505 1278 Eartsm,
524 1232 641 1285 ariorum
657 1221 814 1275 coassistit,-
831 1214 900 1280 illo,
921 1232 974 1284 qtso
990 1219 1081 1272 reris,·
1098 1212 1198 1276 Libro,
1213 1232 1270 1286 quo
1287 1213 1368 1274 dixit
1387 1215 1563 1281 Colorilsses,

211 1291 310 1364 ambus
327 1290 446 1350 dixisti,-
470 1283 646 1354 Ratiortib'us,
668 1290 765 1360 arabus
781 1294 1031 1363 praescripsimust
1053 1289 1137 1353 Loco,
1155 1307 1207 1361 qao
1224 1296 1457 1348 commemoravi:
1483 1290 1562 1343 Ra·

212 1373 300 1433 tione,
321 1383 376 1437 qua
388 1365 467 1424 discit
485 1364 547 1416 Ista
559 1371 600 1416 sis
611 1370 763 1435 maritate,
783 1385 838 1436 qua
852 1365 993 1424 ostendist
1017 1368 1158 1433 Auguria,
1178 1383 1231 1436 quo
1250 1366 1390 1425 diximust
1411 1366 1561 1432 Numeri,

211 1448 292 1495 cidus
319 1441 461 1500 diximust
492 1441 607 1512 Spatia,
635 1451 740 1511 quanto
765 1446 934 1514 patiunturr
966 1438 1125 1505 Militibus,
1154 1446 1267 1510 quantis
1288 1446 1394 1513 poterit.
1434 1442 1561 1495 Horum

211 1516 399 1591 exemplorum
422 1521 542 1589 speciem
563 1522 587 1571 ti
610 1532 716 1570 attense
736 1517 913 1578 considerat
938 1516 1076 1588 intelliges
1097 1515 1223 1588 proiecto
1243 1516 1443 1571 Hellenismutn
1465 1521 1560 1573 hunc

211 1611 271 1647 non
290 1609 370 1668 posse
391 1595 480 1665 opteri
500 1596 564 1659 isti,
591 1590 624 1646 de
644 1609 699 1664 quo
719 1596 843 1664 egimus,
863 1592 943 1645 loro:
966 1590 1014 1644 ubi
1034 1590 1105 1643 nihil
1127 1607 1168 1645 est
1188 1592 1314 1658 illarum,
1336 1608 1453 1664 querum
1469 1591 1559 1647 diri·

211 1686 292 1735 mus,
317 1665 523 1721 conditionum.
563 1667 623 1722 Hoc
641 1672 717 1720 enim
735 1673 758 1722 si
779 1668 881 1739 ubique
900 1667 1013 1731 liceret,
1039 1670 1131 1720 omnis
1152 1668 1243 1720 Lstini
1263 1672 1401 1721 sermonis
1422 1672 1498 1721 strio
1522 1686 1558 1724 et

211 1743 337 1816 stringit
363 1742 443 1817 plene
464 1758 674 1815 perverteretur.
714 1742 791 1812 Quid
810 1761 876 1816 ergo
900 1743 964 1797 fieti
991 1756 1038 1796 sut
1062 1759 1116 1812 quo
1139 1741 1250 1798 tandem
1272 1758 1357 1815 pscto
1381 1744 1429 1795 hic
1451 1742 1555 1798 nodus

211 1820 352 1874 solvetur?
375 1817 406 1873 id
426 1835 490 1872 vero
509 1817 587 1871 utilio
605 1822 733 1891 negotio:
759 1824 861 1893 qnippe
883 1816 1047 1871 mendosum
1071 1834 1112 1870 est
1135 1817 1203 1870 iilud
1225 1817 1442 1891 complectitur,-
1466 1819 1555 1890 quod

211 1900 254 1950 sio
276 1892 496 1949 emendandum:
524 1894 572 1944 Aa
592 1894 702 1945 dubium
725 1904 784 1959 est,
808 1901 873 1966 quiri
894 1892 967 1946 aiiii
981 1897 1022 1944 sit
1040 1891 1195 1944 Ιιαύιιιᾰιιιιι
1211 1899 1243 1944 in
1258 1910 1290 1944 eo
1312 1911 1433 1963 genere,
1457 1895 1554 1964 QUO

210 1975 276 2023 vita
291 1970 376 2021 beata
396 1967 650 2026 costitutus?
672 1968 748 2039 Quid
767 1987 841 2022 nunc
862 1967 988 2022 videtur?
1013 1984 1083 2021 note
1101 1967 1164 2032 lux,
1187 1973 1303 2041 opinor,
1325 1974 1458 2024 exoritur.
1501 1970 1554 2023 lu

211 2061 309 2100 noster
331 2045 385 2098 hoc
406 2049 467 2117 ipso
488 2043 561 2097 libro
584 2059 645 2118 esp.
666 2047 711 2102 16.
755 2045 866 2098 Dicunt
888 2045 931 2096 illi
953 2041 1079 2114 attidem:
1102 2043 1154 2095 sed
1174 2042 1218 2094 itis
1239 2043 1360 2097 vlitis
1381 2043 1552 2100 bissibus

210 2120 401 2176 costeLEiti
421 2127 539 2188 negant.
577 2122 620 2175 De
638 2119 752 2173 Finibus
773 2122 834 2186 lli,
854 2124 898 2178 13.
935 2118 1074 2171 iuterim
1094 2124 1221 2192 corporis
1235 2120 1388 2171 commodis
1405 2118 1550 2191 compieri

212 2200 300 2250 sitem
320 2192 430 2248 bestsrn
453 2210 571 2268 putent,
593 2200 688 2248 nostri
707 2194 781 2246 niiril
797 2200 900 2248 mima.
938 2192 1046 2248 ibidem
1071 2194 1118 2259 iv,
1136 2200 1198 2251 ‘toa
1222 2194 1349 2262 Negatis
1366 2199 1451 2248 ritem
1474 2195 1551 2246 bes-

109 2279 111 2286 ’
210 2285 268 2326 tsm
286 2287 346 2322 esse
364 2289 434 2343 quae
455 2269 562 2341 explete
581 2277 621 2323 sit
646 2272 772 2323 amnibus
793 2271 886 2336 rebus,
911 2287 981 2340 quas
1001 2277 1108 2320 natura
1130 2268 1286 2328 desiderett
1310 2286 1339 2324 et
1354 2272 1388 2338 V,
1410 2275 1471 2330 13.:
1493 2270 1550 2323 Ea

210 2353 285 2400 enim
306 2350 363 2400 vita
385 2350 543 2418 expetitur,
564 2364 635 2417 quae
656 2352 696 2397 sit
717 2351 805 2397 animi
825 2349 1003 2417 corporisque
1024 2343 1131 2418 expleta
1150 2345 1312 2398 uirtutibus.

285 2421 366 2475 Cet.
386 2422 462 2476 xv1.
490 2420 546 2475 Vir
568 2426 662 2491 igitur
683 2430 872 2493 temperatus,
898 2430 1046 2484 constans,
1068 2425 1129 2471 siae
1148 2429 1239 2486 metu,
1259 2426 1321 2472 sins
1342 2419 1546 2488 aegritudine,

208 2503 270 2549 sine
289 2498 443 2549 alacritate
463 2494 529 2560 uiis,
549 2488 614 2548 sias'
624 2494 749 2562 libidine,
770 2515 862 2548 nantis
877 2496 1008 2563 beaturi]
1036 2496 1078 2548 Ιιι
1094 2512 1190 2549 omnes
1207 2494 1343 2549 editiones
1362 2495 1548 2566 codicesque,

208 2579 257 2645 qui
276 2571 359 2625 hodie
376 2583 538 2644 superium
567 2575 636 2645 quin
654 2576 740 2625 etism
757 2588 785 2625 et
807 2574 914 2627 Nonius
934 2568 1102 2635 Marcellus,
1124 2576 1153 2624 in
1172 2591 1198 2624 s.
1236 2573 1402 2637 siluerim,
1431 2575 1456 2623 si
1480 2570 1547 2623 edi·

209 2647 317 2703 toribus
337 2645 413 2700 fides.
450 2647 666 2713 Verumtamen,
692 2662 740 2702 eut
759 2646 840 2720 piene
859 2647 935 2700 nullo
952 2664 1013 2699 turn
1030 2644 1151 2713 iudicio,
1169 2662 1215 2701 eut
1233 2646 1319 2701 lectio
1339 2648 1408 2699 bees
1426 2662 1443 2700 ι
1463 2647 1546 2699 ιιιιΙι

208 2740 293 2776 mauu
316 2737 373 2789 est,
401 2737 429 2776 et
449 2722 581 2776 Ciceroni
604 2722 759 2778 infitiando.
800 2725 943 2792 Quorsum
966 2727 1041 2775 enirn
1063 2727 1123 2773 sine
1146 2722 1240 2776 ULLA
1262 2722 1432 2774 alacritate?
1459 2721 1545 2791 Quid
1590 2777 1592 2792 ,

207 2798 263 2853 sibi
288 2802 453 2851 commeruit
470 2797 625 2867 alacritas,
655 2814 701 2866 ut,
732 2815 818 2871 quum
844 2814 937 2853 cetere
960 2797 1008 2850 ilin
1030 2806 1135 2862 metus,
1161 2798 1327 2866 aegritudo,
1353 2796 1436 2849 iibido
1456 2797 1544 2851 nulio
1590 2795 1592 2804 ’

208 2874 334 2948 epitiseto
358 2874 406 2927 hic
425 2872 605 2943 damnentur,
631 2880 692 2949 ipss
715 2879 794 2947 qussi
818 2879 942 2927 omnium
962 2877 1121 2939 teterrime,
1147 2891 1182 2926 ne
1202 2873 1260 2924 ulla
1281 2871 1393 2944 quidem
1417 2876 1447 2926 in
1475 2878 1543 2926 siro

208 2965 355 3012 conetense
376 2965 434 3002 esse
456 2947 574 3003 debenti
598 2966 634 3004 en
657 2952 731 3004 benc
751 2949 841 3004 tribus
863 2949 919 3003 iliis
942 2953 1065 3022 peiorem
1088 2966 1148 3002 esse
1173 2946 1340 3001 credendum
1364 2951 1423 3002 esti
1449 2949 1543 3019 Atqui

208 3037 319 3080 tuntum
346 3023 440 3091 obest,
463 3041 494 3078 ut
520 3028 597 3098 peior
620 3030 674 3094 sit,
704 3041 735 3079 ut
758 3030 817 3098 ipse
839 3044 889 3098 per
910 3041 940 3077 se
962 3021 1030 3099 (nisi
1051 3022 1166 3078 modum
1193 3022 1265 3077 forte
1289 3021 1451 3095 excesserit)
1476 3022 1543 3076 lsa-

207 3100 297 3153 dende
319 3104 357 3153 sit
378 3116 460 3173 atque
480 3099 609 3172 optsuds.
655 3102 698 3153 ite
724 3117 804 3174 saepe
824 3101 930 3154 Noster
951 3105 982 3152 in
1007 3116 1052 3167 se,
1080 3105 1110 3153 in
1141 3104 1255 3164 amicis,
1287 3105 1316 3152 in
1346 3114 1407 3153 toto
1429 3101 1542 3154 Senatu

206 3177 388 3227 alacritatem
410 3174 562 3249 praedicat.
603 3175 645 3231 Ao
666 3175 808 3249 proiecto,
830 3181 877 3247 qui
898 3180 958 3229 siue
976 3175 1034 3226 tella
1051 3176 1202 3227 alacritate
1221 3191 1279 3242 est,
1299 3174 1372 3229 idem
1391 3179 1427 3227 sit
1447 3179 1540 3238 iners,

206 3249 351 3324 torpidus,
371 3256 472 3324 segnis,
492 3256 615 3325 ignavus,
636 3267 725 3324 teger,
747 3267 880 3318 moestus,
898 3255 981 3304 miser
1000 3249 1117 3322 deniqne
1134 3268 1246 3306 necesse
1263 3266 1315 3304 est.
1354 3249 1430 3320 Quid
1448 3254 1539 3322 ergoi

206 3341 240 3379 tu
264 3324 332 3379 iliud
355 3327 453 3380 ULLA
475 3332 503 3379 in
529 3329 630 3382 molem
652 3345 710 3394 rens
735 3333 775 3381 ire
795 3325 876 3392 iube,
900 3342 928 3381 et
945 3326 1005 3399 lege
1024 3343 1086 3378 meo
1105 3326 1244 3398 periculo:
1270 3328 1335 3378 Sirte
1356 3333 1447 3389 metu,
1474 3331 1537 3377 st'ree

205 3399 404 3469 aegritudine,
429 3407 489 3454 sirte
511 3404 666 3456 alacritate
691 3402 835 3467 FUTILI,
865 3407 925 3453 sirie
951 3401 1073 3454 libidine.
1113 3402 1253 3455 Nimirum
1276 3418 1360 3474 quum
1382 3401 1537 3456 secundum

204 3480 316 3532 Stoicos
337 3476 577 3549 perturbationum
598 3494 690 3551 partes
710 3484 766 3533 sint
787 3493 934 3551 quattuor,
960 3476 1126 3546 aegritudo,
1155 3485 1271 3549 metus,
1288 3476 1390 3540 libido,
1422 3478 1537 3528 laetitia

204 3556 266 3603 sive
287 3552 443 3612 alacritas‚·
465 3553 537 3606 hanc
559 3553 703 3620 ultimam,
727 3560 790 3626 quie
812 3568 893 3606 voces
915 3551 979 3606 illes
1001 3569 1099 3625 perse
1122 3552 1255 3606 honestae
1277 3567 1355 3618 sunt,
1377 3567 1404 3604 et
1424 3557 1535 3624 saepius

205 3632 236 3681 in
260 3625 341 3680 iaude
360 3643 443 3696 quam
462 3631 492 3680 in
512 3633 580 3681 vitio
600 3644 756 3701 ponuntur,
778 3646 887 3700 semper
906 3628 1030 3700 epitheto
1050 3627 1142 3698 aliquo
1162 3626 1341 3692 dehonestet,
1365 3644 1421 3698 quo
1441 3645 1537 3682 osten·

204 3702 301 3768 datur,
328 3717 391 3755 earn
415 3716 461 3754 eut
486 3702 553 3756 fines
575 3720 639 3758 snos
664 3703 810 3769 excedere,
832 3719 880 3758 sut
903 3704 975 3755 raaia
996 3702 1029 3756 de
1049 3718 1131 3757 cause
1153 3708 1231 3756 oriri.
1270 3703 1317 3755 Sic
1333 3702 1418 3755 Tusc.
1438 3704 1486 3767 iii,
1507 3707 1534 3760 i.

202 3777 338 3843 Restant,
367 3780 474 3847 inquit,
508 3777 580 3830 dtsae
601 3777 1063 3849 pertrabatiartes,'l.AIt'1'ITIA
1085 3777 1274 3830 GESTIENS
1297 3787 1326 3830 et
1349 3777 1446 3830 iiiia.
1486 3778 1535 3833 ste

202 3870 264 3927 cap.
284 3857 314 3913 6.
341 3852 468 3906 Laetitia
486 3858 611 3923 gestiens
629 3856 678 3906 vel
693 3860 781 3907 nimia
788 3876 800 3915 ‚·
820 3872 881 3927 cap.
902 3860 928 3910 7.
955 3850 1081 3925 Profissa
1098 3852 1248 3914 hilaritas,·
1270 3868 1329 3926 cop.
1352 3855 1396 3909 16.
1435 3854 1535 3906 Inertis

202 3931 358 3988 alacritas,·
378 3933 424 3988 53.
463 3927 621 3981 Exsultarts
638 3936 813 4001 gestiensque
832 3932 944 3982 laetitia
950 3950 961 3990 ,·
980 3929 1027 3994 lV,
1047 3931 1090 3985 tlt.
1120 3930 1256 3982 ‘insolens
1273 3929 1421 3981 alacritas.
1460 3929 1531 4000 Lege

202 4023 268 4077 ergo
292 4005 339 4057 hic
366 4022 423 4056 non
446 4001 515 4057 ideo
539 4020 638 4077 magne
659 4011 831 4059 mutationes
857 4007 923 4058 Siue
947 4005 1098 4056 alacritate
1119 4003 1264 4057 FUTILI:
1288 4020 1320 4057 ut
1341 4004 1427 4056 Tute.
1450 4003 1483 4067 V,
1502 4007 1531 4063 6.

201 4080 362 4136 iUTJLES
382 4081 511 4131 laetitiae
531 4088 560 4131 et
579 4081 771 4140 exsultantes,-
796 4082 842 4144 iv.
864 4086 910 4138 17.
948 4080 1009 4131 Nec
1034 4084 1162 4130 sitienter
1186 4080 1253 4150 quid
1275 4087 1407 4150 sapetens
1430 4079 1531 4130 ardeat

201 4154 357 4220 desiderio,
385 4173 435 4207 uec
454 4154 708 4208 ALACRH'ATE
723 4155 856 4209 FUTILI
870 4161 996 4226 gestiens
1015 4154 1196 4226 deliquescat.

276 4233 354 4284 Cet.
376 4231 469 4285 xvii.
496 4231 559 4300 Quo
577 4231 638 4283 laco
657 4249 770 4302 attacta,
792 4249 875 4301 quam
891 4236 950 4283 vim
967 4227 1069 4283 habeat
1083 4229 1157 4280 libra
1170 4231 1224 4281 illa
1234 4228 1364 4290 Critolai,
1385 4232 1433 4297 qui
1451 4245 1529 4297 quatis

200 4308 232 4356 irs
252 4303 372 4356 alteram
392 4305 501 4358 lancem
518 4307 697 4360 antuniana
714 4311 856 4377 importat,
880 4311 910 4356 iu
928 4307 1051 4357 alteram
1070 4310 1198 4374 eorporis
1215 4312 1243 4356 ei
1261 4313 1399 4361 eateruar
1420 4311 1529 4355 tautum

197 4379 372 4451 propendere
395 4381 474 4433 illam
496 4381 563 4434 boui
583 4382 691 4434 lancem
706 4390 804 4453 putei,
827 4387 865 4433 ut'
879 4389 987 4432 terram
1006 4388 1035 4431 et
1053 4387 1147 4431 maria
1165 4379 1337 4453 deprimatl]
1365 4376 1443 4446 Quid
1462 4375 1527 4430 illud

200 4451 352 4527 est,¹quod
375 4455 442 4507 barri
462 4457 571 4509 lancem
590 4455 680 4510 dicit?
705 4474 788 4528 quum
811 4459 840 4508 iu
860 4472 976 4528 utreque
997 4456 1077 4508 lance
1099 4454 1201 4509 inerint
1225 4453 1314 4514 bertar
1338 4459 1367 4507 in
1388 4452 1436 4507 ilie
1456 4454 1527 4504 barra

199 4535 303 4593 auimi,
333 4534 361 4582 in
387 4531 440 4582 hac
461 4530 535 4582 borsa
560 4538 688 4601 corporis
710 4535 740 4583 et
757 4540 887 4585 externa.
931 4532 1091 4584 Hoccines
1114 4546 1156 4583 tot
1182 4529 1335 4585 editoribus
1358 4528 1527 4582 doctissimis

106 4629 111 4642 .
327 4610 334 4622 ·
511 4606 516 4638 ι
707 4627 713 4639 .
1085 4611 1090 4621 ·
1216 4607 1224 4615 ·

200 4622 257 4732 'iti
268 4621 416 4734 iiiiii
433 4604 1528 4754 {tiiit‘i‘ituitiitrlss⁰iii'i.iit.ii.ii¹..i.“ii‘i.t“ii;

198 4772 279 4828 quom
306 4761 430 4829 priorem
458 4761 622 4809 nominetis.
661 4758 763 4810 Noster
785 4756 818 4809 de
841 4757 900 4810 Fin.
922 4760 956 4822 V,
979 4763 1038 4814 &oa
1067 4755 1180 4808 Audebo
1200 4761 1296 4822 ‚igititr
1321 4763 1432 4816 cetera,
1459 4771 1527 4821 quae

109 4858 116 4870 ·
196 4832 344 4884 satiendam
376 4840 510 4883 rtaturam
527 4841 594 4884 sttui
612 4831 692 4884 Barsa
714 4833 875 4904 appellare;
901 4832 1026 4884 Virtutis
1048 4840 1142 4885 antem
1166 4829 1374 4900 amplitudinem
1396 4834 1476 4898 qtsasi
1498 4834 1529 4879 irs

197 4906 293 4958 altera
315 4906 407 4958 librae
433 4908 513 4959 latres
534 4925 657 4976 ponere:
687 4907 823 4974 Terram,
854 4905 921 4959 utilsi
939 4906 1037 4972 crede,
1067 4922 1099 4959 ee
1124 4904 1188 4960 lons
1212 4916 1241 4959 st
1262 4910 1355 4957 maria
1380 4904 1528 4975 deprimet,

235 5006 269 5053 s,
1187 4978 1192 4988 ³

1109 5093 1116 5128 ι
