3384 5359
362 144 374 183 ι
508 124 515 185 l

207 311 295 379 ,112
368 338 375 349 =
471 306 861 391 TUSCULANARUM
877 304 1278 399 msrnumonutn

209 452 290 517 luit*
312 463 499 521 contentus:
530 475 634 540 neque
656 454 739 520 enim
760 470 898 540 unquam
920 455 1015 520 finem
1037 453 1198 519 inveniet²
1220 453 1334 521 libido.
1378 456 1450 532 llos
1472 455 1556 520 rel·

189 546 272 611 -lern
299 549 442 630 praemio
473 549 589 614 elicere
621 570 807 633 possemne,
843 548 899 636 qui
920 549 1013 614 nobis
1035 548 1155 635 aliquid
1176 548 1352 629 attulisset,
1389 571 1457 636 quo
1477 553 1555 616 hoo

208 640 330 704 firmius
354 644 568 708 crederemus.
655 718 658 727 .
772 630 778 660 ¹

295 738 396 801 VIII.
421 738 473 800 21.
486 742 542 804 ·Α.
567 736 694 803 Vellem
716 739 749 803 id
769 739 918 826 quideme
941 741 998 805 ted
1018 739 1125 803 habeo
1146 737 1338 820 paullulum,
1381 742 1469 825 quod
1490 760 1552 803 re·

209 830 345 915 quiram.
389 833 465 919 Ego
488 832 570 895 enim
595 833 772 909 assentior,
812 856 944 910 eornm,
983 855 1065 920 quae
1086 832 1258 915 posuistil,
1294 836 1429 897 alterum
1450 833 1553 898 alteri

141 924 149 943 ⁸
210 945 410 1009 consequens
432 945 519 1000 esse,
545 937 598 1002 ut,
623 931 908 1011 quemadmodum,
932 928 960 992 si
981 930 1071 1014 quod
1091 930 1260 993 honestum
1283 930 1345 1003 sit,
1381 928 1415 991 id
1433 929 1547 993 solum
1590 992 1594 997 .

210 1018 251 1079 sit
273 1021 410 1095 honum,
436 1031 607 1104 sequatur,
635 1021 729 1084 vitam
754 1025 900 1088 beatumlt
922 1023 1040 1088 virtute
1056 1023 1191 1099 confici,
1215 1023 1282 1095 sic,
1305 1023 1333 1086 si
1348 1024 1413 1087 vita
1428 1025 1547 1087 beata‘
1618 1088 1629 1107 ,

208 1112 239 1176 in
261 1114 381 1177 virtute
403 1111 463 1190 sit,
498 1110 581 1176 nihil
600 1134 687 1189 esse,
727 1116 786 1180 nisi
807 1117 998 1192 virtutemss,
1036 1117 1170 1180 bouum.
1215 1117 1282 1180 Sed
1303 1117 1424 1181 Brutus
1445 1129 1543 1193 tuus,

209 1219 341 1271 auctore
350 1209 366 1285 1,
385 1206 522 1271 Aristo⁸
545 1219 576 1270 et
598 1207 784 1286 Antiocho,
809 1231 875 1275 uon
897 1211 994 1299 sentit
1014 1213 1100 1274 hoe:
1137 1210 1250 1293 ριιιιι9
1272 1210 1373 1287 enim,
1396 1207 1491 1275 etiam
1513 1212 1547 1274 si

208 1301 392 1366 tithonum
414 1302 545 1385 aliquod
557 1314 687 1384 praeter
702 1301 864 1368 virtutem.
887 1307 945 1370 M.
969 1306 1055 1386 Quid
1075 1303 1198 1390 igitur?
1229 1318 1342 1370 contra
1363 1307 1544 1369 Brutumne

207 1415 259 1459 nte
281 1395 439 1459 dicturum
460 1396 576 1478 putas?
606 1400 651 1462 A.
677 1401 730 1462 Tu
751 1418 853 1475 vero,
888 1411 924 1463 ut
946 1401 1091 1464 videtur:
1121 1421 1192 1463 nam
1213 1401 1388 1483 praefinire,
1406 1422 1471 1465 uon
1492 1411 1545 1463 est

209 1511 326 1555 meum.
371 1491 424 1556 22.
448 1496 504 1558 M.
529 1493 614 1575 Quid
629 1494 746 1579 cuique
760 1494 898 1577 igitur¹⁰
915 1506 1160 1559 consentaneum
1176 1494 1234 1570 sit,
1259 1495 1322 1559 alin
1337 1496 1427 1573 loco.
1458 1497 1544 1560 Nam

207 1585 268 1656 ista
290 1585 367 1650 mihi
388 1596 421 1649 et
442 1609 512 1650 cum
529 1587 695 1653 Antiocho
718 1609 831 1670 saepe,
857 1598 890 1651 et
911 1610 983 1652 cum
997 1587 1113 1653 Aristo
1123 1590 1149 1628 ¹¹
1171 1610 1293 1670 nuper,
1318 1610 1413 1674 quum
1437 1590 1542 1653 Athe·

207 1681 255 1743 nis
278 1680 455 1762 imperator
478 1684 562 1764 apud
585 1704 655 1746 cunt
679 1685 888 1759 deversarer,
913 1683 1068 1748 dimensio
1086 1682 1159 1747 luit.
1184 1683 1289 1747 Mihi
1310 1683 1395 1747 enim
1408 1705 1474 1748 non
1491 1683 1542 1746 vi·

109 1798 115 1811 ¹
210 1776 344 1839 debatur
369 1776 536 1861 quisquam
560 1798 630 1841 esse
652 1780 764 1843 beatus
775 1780 801 1819 11
822 1798 940 1859 posse,
977 1800 1073 1861 qutun
1095 1780 1126 1841 iu
1148 1777 1363 1841 malisesset:
1397 1776 1429 1840 iu
1452 1775 1541 1841 melis

208 1869 542 1961 ιιιιιοιιι·ιιι)ιίιιιιιι,>ιιιξ1
564 1892 634 1935 esse
656 1894 773 1954 posse,
797 1871 824 1936 si
845 1885 950 1935 essent
968 1871 1033 1934 nlla
1048 1871 1198 1952 corporis
1213 1882 1267 1934 aut
1281 1870 1430 1935 lortuuae
1445 1871 1540 1933 mala.

206 1962 407 2027 Dicebantur
425 1965 552 2039 111011,
576 1986 657 2051 quae
678 1965 806 2047 scripsit
816 1966 842 2006 ¹⁵
865 1965 961 2028 etiam
983 1965 1165 2028 Antiochus
1182 1964 1261 2028 locis
1283 1963 1449 2046 pluribus:
1472 1963 1540 2026 vir·

206 2067 306 2120 tutem
328 2056 428 2139 ipsam
451 2079 563 2140 perse
585 2061 708 2123 beatam
732 2060 829 2124 vitam
852 2059 978 2122 efficere
999 2080 1115 2142 posse,
1141 2079 1246 2143 neque
1269 2070 1372 2121 tamen
1394 2055 1540 2120 beatissi-

197 2172 311 2215 mam:
336 2152 450 2217 deinde
471 2174 513 2216 ex
537 2153 656 2219 maiore
678 2166 770 2237 parte
791 2155 962 2237 plerasque
985 2175 1036 2216 res
1058 2152 1234 2228 nominari,
1260 2153 1352 2215 etiam
1376 2152 1404 2215 si
1425 2149 1540 2234 quae¹⁶

208 2268 284 2328 pore
305 2249 450 2331 abesset,
484 2259 519 2311 ut
543 2248 650 2328 vires,
692 2261 727 2313 ut
748 2247 1020 2324 valetudinem¹⁷,
1052 2258 1088 2310 ιιι
1109 2246 1255 2322 divitias,
1277 2258 1314 2309 nt
1334 2244 1538 2319 honorem¹⁸,

210 2352 243 2402 ιιι
266 2341 426 2424 gloriam,
465 2363 546 2425 quae
569 2360 709 2427 genere,
741 2364 805 2407 non
828 2361 963 2405 numero
985 2352 1214 2405 cernerentur:
1247 2341 1322 2405 item
1345 2342 1467 2403 beatam
1491 2337 1546 2400 vi«
1602 2388 1607 2397 .

161 2502 164 2509 ,
208 2447 290 2512 tam,
316 2436 409 2525 etipm
431 2436 521 2507 silex
543 2437 650 2523 aliqua
671 2449 764 2521 parte
786 2438 949 2500 clauderet
958 2435 996 2511 ¹⁹,
1019 2446 1122 2497 tamen
1143 2456 1184 2497 ex
1200 2435 1300 2499 multo
1316 2432 1435 2497 maiore
1449 2443 1540 2514 parte

209 2529 355 2597 obtinere
376 2552 490 2596 nomen
514 2552 619 2597 snum.
664 2532 718 2597 23.
742 2532 833 2595 Haec
857 2550 943 2593 nunc
964 2528 1137 2592 enucleare
1158 2549 1224 2594 nou
1250 2529 1291 2590 ita
1318 2547 1446 2590 necesse
1471 2535 1539 2589 est:

210 2646 398 2709 quamquem
413 2646 478 2689 non
500 2625 752 2692 constantissime
773 2625 835 2690 dici
859 2624 936 2687 mihi
954 2608 1150 2686 videntur2‘0.
1195 2624 1278 2686 Nam
1300 2633 1332 2685 et
1354 2620 1409 2704 qni
1428 2622 1543 2683 beatus

211 2730 276 2796 est,
301 2738 367 2782 nou
381 2718 546 2804 intelligo,
571 2720 653 2803 quid*
668 2720 832 2805 requirat,
859 2728 894 2783 ut
909 2718 949 2781 sit
963 2715 1111 2780 beatior:
1135 2717 1161 2779 si
1179 2729 1228 2781 est
1245 2718 1325 2781 euim
1341 2716 1463 2800 quod²¹
1484 2716 1541 2778 de·

209 2813 261 2892 tit,
279 2833 318 2875 ne
327 2813 440 2877 heatus
449 2813 574 2897 quidem
586 2827 653 2879 esta
678 2827 710 2879 et
722 2861 731 2892 ,
742 2817 830 2899 quod
841 2835 883 2877 ex
892 2811 1014 2876 maiore
1021 2811 1048 2851 ⁹²
1064 2823 1156 2893 parte
1165 2832 1257 2873 troam
1270 2830 1427 2895 quamque
1438 2808 1541 2873 rem²³

211 2907 364 2991 appellari
387 2907 590 2993 spectarique
612 2908 738 2985 dicunt,
763 2918 811 2971 est
837 2907 893 2970 ubi
910 2907 943 2969 id
960 2905 1023 2969 isto
1046 2905 1144 2967 modo
1165 2905 1280 2967 valeat.
1325 2904 1431 2985 Quam
1460 2922 1540 2967 vero

212 3003 272 3065 tria
295 3021 412 3086 genera
437 3002 592 3065 malorum
616 3022 685 3066 esse
707 3000 831 3066 dicant:
868 3001 924 3085 qui
946 3003 1082 3063 duorum
1104 3019 1257 3083 generum
1279 2998 1377 3061 malis.
1395 2998 1539 3062 omnibus

286 3167 324 3234 (1)
343 3165 391 3219 Sic
411 3164 481 3220 edd.
501 3166 603 3221 Sensus
624 3182 684 3221 ert:
710 3172 877 3237 „inventam
902 3185 960 3222 erte
981 3184 997 3221 a
1016 3174 1114 3221 uetclo
1140 3184 1194 3240 quo
1216 3166 1351 3221 eiusmodi
1370 3167 1540 3242 voluptatem

210 3257 327 3307 novam,
347 3238 464 3296 eandem
485 3257 579 3296 tamen
597 3259 663 3296 mox
682 3242 855 3315 repudiatam
875 3259 890 3294 a
912 3243 1032 3297 Xerxe.'’
1051 3244 1275 3297 Consentaneum
1288 3247 1362 3296 enim
1374 3259 1432 3310 est,
1451 3242 1540 3294 histo-

154 3370 170 3389 ,
211 3323 311 3379 rlcnm,
332 3335 347 3369 e
367 3336 422 3389 quo
442 3334 490 3387 sue
511 3318 683 3393 deprompsit
704 3319 823 3385 Tullius,
844 3317 872 3372 td
894 3336 1003 3391 quoque
1022 3317 1164 3383 retulisse,
1183 3316 1264 3391 quem
1285 3323 1390 3372 exitum
1411 3317 1539 3370 habuerit

211 3397 303 3447 lantani
330 3399 400 3464 regit
428 3390 603 3447 deriderinm.
623 3392 782 3465 rescisset
814 3392 849 3447 de
876 3394 968 3447 Bentl.
988 3393 1019 3451 Ε.
1039 3395 1091 3450 Da.
1112 3394 1182 3449 Lull.
1204 3402 1229 3452 1.
1249 3395 1301 3451 W·
1321 3399 1348 3449 2.
1368 3391 1427 3446 Cir.
1448 3393 1540 3447 Ocht-
1598 3438 1600 3441 ,

210 3487 261 3522 ner
285 3466 384 3537 Eclog.
412 3488 439 3543 p.
465 3473 530 3528 2⁸9.
569 3470 634 3524 Noli
654 3469 767 3525 credere
793 3470 944 3524 Schuetzio
956 3468 1069 3541 fuisset
1088 3475 1118 3523 ln
1138 3471 1169 3523 R.
1191 3472 1316 3542 reperiri.
1353 3470 1403 3523 Est
1422 3462 1540 3522 fortasse

211 3550 242 3598 ln
265 3543 385 3599 -Oxonrn
414 3543 495 3616 eliq.,
525 3550 549 3598 ti
580 3543 646 3599 fidet
679 3546 871 3601 cossatnribut.
910 3548 999 3600 Immo
1019 3550 1105 3599 etlam
1126 3565 1140 3599 e
1160 3543 1322 3617 Bern.suit
1342 3563 1398 3597 non
1418 3559 1540 3598 notatur.

211 3618 249 3697 (1)
277 3650 312 3664 -
339 3624 479 3672 inveniret
505 3619 655 3675 Attsucv,
685 3622 766 3694 prob.
795 3621 886 3676 Bentl.
908 3649 941 3666 ι-
962 3626 1072 3673 invenlt
1099 3620 1174 3674 Leid.
1207 3621 1277 3677 011.
1317 3619 1355 3694 (1)
1375 3638 1540 3693 -propo-
1604 3681 1609 3689 1

170 3758 172 3763 Ι
210 3700 296 3749 arclstl
314 3696 376 3748 mC.
424 3695 462 3762 (1)
488 3694 539 3749 ‘Sic
559 3697 589 3749 lt.
612 3694 686 3750 SEV.
710 3709 735 3756 1.
758 3700 807 3754 W.
829 3705 855 3753 2.
875 3715 914 3750 ·.:
932 3696 1045 3750 beatam
1064 3702 1157 3749 vitam
1178 3696 1337 3749 PABCML.
1359 3696 1449 3749 Gehh.
1470 3695 1539 3747 Lali.

212 3772 250 3847 (⁵)
271 3793 308 3829 =
332 3770 415 3823 beata
433 3775 496 3821 ulta
516 3772 545 3823 P.
592 3768 630 3847 (ὅ)
649 3802 688 3815 -
705 3773 850 3827 honestum
870 3772 923 3824 Da.
972 3773 1011 3840 (1)
1031 3800 1070 3814 --
1088 3781 1205 3823 erectore
1223 3780 1252 3822 et
1271 3773 1408 3826 ausu-t.
1426 3800 1465 3813 -
1484 3790 1539 3821 mt-

212 3847 336 3901 etort'bus
363 3849 412 3900 Da.
439 3844 472 3899 de
501 3844 591 3899 Bentl.
618 3843 648 3902 d.
688 3847 742 3903 Sed
769 3848 831 3902 virle
857 3846 986 3903 Oudend.
1020 3846 1054 3900 ad
1087 3849 1189 3919 Appul.
1210 3853 1251 3911 2,
1283 3864 1310 3920 p·
1334 3850 1395 3905 181.
1434 3846 1472 3921 (1)
1491 3846 1540 3899 Sic

156 3958 163 3967 -
213 3924 325 3979 Oxonn.
346 3921 410 3994 nllq.
432 3921 540 3994 (probb¹
564 3922 595 3974 L.
616 3937 643 3975 et
665 3927 764 3992 Bouh.)
785 3926 958 3996 deceperunt
978 3923 1048 3978 Lall.
1072 3934 1096 3982 1.
1116 3924 1168 3981 W.
1189 3930 1267 3978 2.-
1282 3924 1416 3975 Aristone
1434 3923 1539 3983 Ceteri,

213 4002 298 4052 etlam
319 3998 350 4051 R.
370 3996 398 4049 h.
422 4000 456 4051 tt.
494 3996 532 4072 (11)
553 4027 589 4040 -
608 3997 735 4072 disputat
757 4004 806 4053 lla.
861 3999 912 4073 (¹⁰)
931 4030 968 4042 -
988 3999 1072 4070 Quod
1089 4004 1185 4070 cuique
1204 4004 1245 4067 ig.
1265 3998 1321 4052 CV.
1340 4026 1379 4039 -
1397 3998 1480 4069 Quod
1496 4002 1541 4048 cut

213 4080 255 4143 ig.
275 4073 354 4128 ABS.
373 4102 411 4115 -
431 4073 507 4143 Quid
523 4078 569 4127 cut·
586 4080 626 4143 ig.
648 4075 679 4129 11.
708 4077 758 4144 (11)
778 4076 819 4128 De
838 4064 1014 4148 Malatpinae
1034 4073 1065 4131 Ε.
1084 4076 1117 4129 L.
1139 4074 1208 4129 Lall.
1229 4072 1281 4131 W.
1302 4078 1329 4128 2.
1348 4101 1386 4117 -
1407 4080 1539 4126 Aristone

214 4150 327 4215 Ceteri,
356 4151 500 4204 etium-ll.
532 4152 564 4202 u.
617 4150 666 4217 (¹2)
685 4172 721 4209 5:
740 4151 838 4203 beatus
856 4168 916 4201 esse
937 4152 966 4204 L.
988 4152 1071 4205 solus.
1109 4148 1162 4224 (¹³)
1182 4174 1218 4189 -
1237 4154 1349 4220 sapiens
1367 4148 1444 4203 Letd.
1465 4148 1539 4203 Med.

214 4223 313 4299 probb.
333 4225 368 4279 D.
388 4240 415 4279 et
436 4226 525 4278 Bonh.
546 4230 593 4293 (...
613 4232 726 4299 sapiens
743 4244 802 4279 esse
817 4232 914 4298 posset
933 4226 1002 4280 Cdd.
1023 4228 1092 4281 Bak.
1112 4243 1140 4279 et
1163 4224 1246 4300 Ball.)
1283 4226 1335 4292 (11)
1355 4250 1394 4269 -
1412 4222 1542 4277 dicebant

216 4300 256 4353 ad
273 4299 339 4353 haec
358 4298 447 4354 Bouh.
466 4316 543 4371 turp.
571 4299 623 4374 (11)
641 4330 680 4343 -
697 4322 766 4372 quae
784 4308 891 4373 scripta
910 4306 950 4353 stt
968 4321 983 4355 e
1004 4318 1130 4376 perversa
1151 4307 1292 4377 gamunan
1305 4300 1338 4353 R.
1358 4301 1431 4354 llius
1452 4305 1542 4353 maior

104 4394 110 4401 ·
217 4395 312 4431 error:
330 4403 369 4419 -·
387 4396 456 4448 quae
474 4383 581 4449 scrpta
600 4386 668 4429 sumt
686 4378 777 4443 031„
797 4393 825 4430 et
845 4382 998 4439 maximum
1018 4407 1054 4421 -
1074 4396 1144 4448 quoe
1163 4383 1271 4449 scripta
1285 4383 1352 4427 sunt
1369 4382 1455 4428 etiam
1477 4378 1542 4426 An·

217 4450 329 4505 diocletis
357 4452 418 4506 mC.
451 4451 484 4505 V.
513 4482 551 4496 -
575 4471 644 4522 qaaere
669 4460 777 4525 scripta
795 4463 863 4504 sunt
888 4451 1100 4508 Antiochum.
1152 4451 1202 4527 (¹⁶)
1223 4453 1270 4506 Slc
1290 4453 1321 4505 R.
1342 4459 1425 4517 (terte
1444 4450 1494 4525 D.)
1513 4451 1542 4503 h.

220 4528 298 4584 DW.
317 4533 346 4583 2.·
363 4550 401 4585 :2
419 4546 474 4598 que
494 4528 596 4582 Ceteri.
642 4526 692 4595 (17)
711 4557 750 4579 -·.
767 4529 946 4581 valetudines
964 4530 1036 4589 05¹.
1058 4531 1108 4597 P.,
1127 4543 1157 4581 ut
1177 4531 1201 4596 §.
1225 4532 1286 4587 115.
1325 4528 1375 4596 (²⁸)
1397 4554 1431 4569 -
1451 4525 1549 4578 honos

218 4621 263 4654 ret
283 4602 360 4655 Leid.
381 4603 452 4660 Otr.
472 4602 552 4673 prob.
573 4603 662 4661 Bonh.
684 4603 794 4659 llelutat
815 4608 925 4659 Nttacn.
972 4602 1100 4679 (11)’8ια
1117 4602 1185 4657 cdd.
1206 4603 1287 4675 tltq„
1317 4607 1400 4655 ettam
1422 4601 1550 4656 dehent)

220 4678 309 4732 Geblt·
331 4679 364 4731 D·
387 4678 531 4737 1·W.2.
552 4680 650 4751 (Regio
670 4679 768 4734 trlbult
789 4681 893 4744 Bouh.;
923 4695 1022 4734 eontra
1040 4696 1132 4733 meam
1153 4677 1356 4752 collationem.)
1376 4708 1413 4723 --
1432 4677 1547 4729 elaudt-'

218 4763 298 4808 curet
317 4751 387 4809 Cdd.
408 4754 499 4810 multi.
519 4753 589 4808 Edu.
609 4769 674 4808 aute
693 4755 783 4811 Gehh.
804 4756 884 4828 prob.
904 4755 996 4809 Bentl.
1036 4755 1087 4823 (11)
1105 4780 1145 4796 ·-
1161 4755 1277 4807 uidetur
1296 4757 1325 4808 tt.
1348 4755 1421 4812 Οὔκ.
1441 4755 1491 4820 (11)
1511 4781 1544 4796 -

219 4837 291 4883 enlm
310 4829 442 4900 qrtlddam
462 4831 583 4902 (quidem
601 4830 715 4898 PARS.)
737 4832 811 4905 quud
829 4832 953 4886 PeusE.
999 4832 1049 4899 (11)
1069 4860 1107 4874 -
1126 4836 1230 4884 reatori
1248 4829 1454 4886 Persecuti..
1474 4828 1544 4900 (nou
1583 4893 1589 4907 .

219 4909 268 4974 V.)
289 4904 338 4977 (¹³)
357 4935 396 4948 -
411 4915 525 4978 partem
543 4904 613 4960 Cdd.
634 4907 724 4961 multi.
745 4907 843 4981 (Regio
865 4907 962 4961 tribuit
983 4908 1028 4969 D..
1047 4923 1158 4961 tacente
1178 4925 1239 4959 ntea
1259 4907 1430 4969 collatione.)
1445 4903 1546 4985 111118.

650 5040 673 5085 ἱ(
