<?xml version="1.0" encoding="UTF-8"?>
<!DOCTYPE html PUBLIC "-//W3C//DTD XHTML 1.0 Transitional//EN"
    "http://www.w3.org/TR/xhtml1/DTD/xhtml1-transitional.dtd">
<html xmlns="http://www.w3.org/1999/xhtml" xml:lang="en" lang="en">
 <head>
  <title>
</title>
<meta http-equiv="Content-Type" content="text/html;charset=utf-8" />
  <meta name='ocr-system' content='tesseract 3.04.00' />
  <meta name='ocr-capabilities' content='ocr_page ocr_carea ocr_par ocr_line ocrx_word'/>
</head>
<body>
  <div class='ocr_page' id='page_1' title='image "./mtulliiciceroni00wolfgoog_0230.png"; bbox 0 0 3384 5359; ppageno 0'>
   <div class='ocr_carea' id='block_1_1' title="bbox 198 202 1080 330">
    <p class='ocr_par' dir='ltr' id='par_1_1' title="bbox 198 202 1080 330">
     <span class='ocr_line' id='line_1_1' title="bbox 198 202 1080 330; baseline 0.014 -31"><span class='ocrx_word' id='word_1_1' title='bbox 198 233 260 301; x_wconf 75' lang='lat' dir='ltr'><em>rso</em></span> <span class='ocrx_word' id='word_1_2' title='bbox 323 302 327 309; x_wconf 72' lang='grc'>,</span> <span class='ocrx_word' id='word_1_3' title='bbox 413 202 415 213; x_wconf 79' lang='grc'><strong>’</strong></span> <span class='ocrx_word' id='word_1_4' title='bbox 488 262 491 267; x_wconf 31' lang='grc' dir='ltr'><strong><em>ν</em></strong></span> <span class='ocrx_word' id='word_1_5' title='bbox 637 238 1080 330; x_wconf 71' lang='lat' dir='ltr'><em>rnssmcnnnuom.</em></span> 
     </span>
    </p>
   </div>
   <div class='ocr_carea' id='block_1_2' title="bbox 103 380 1545 1362">
    <p class='ocr_par' dir='ltr' id='par_1_2' title="bbox 103 380 1545 1362">
     <span class='ocr_line' id='line_1_2' title="bbox 418 380 1026 458; baseline 0.01 -26"><span class='ocrx_word' id='word_1_6' title='bbox 418 380 479 441; x_wconf 55' lang='lat' dir='ltr'><em>¹‘dist</em></span> <span class='ocrx_word' id='word_1_7' title='bbox 498 382 604 436; x_wconf 87' lang='lat' dir='ltr'><em>stultus</em></span> <span class='ocrx_word' id='word_1_8' title='bbox 621 392 681 452; x_wconf 91' lang='lat' dir='ltr'><em>est,</em></span> <span class='ocrx_word' id='word_1_9' title='bbox 698 391 749 441; x_wconf 75' lang='lat' dir='ltr'><em>aest</em></span> <span class='ocrx_word' id='word_1_10' title='bbox 766 382 866 438; x_wconf 77' lang='lat' dir='ltr'><em>drutus</em></span> <span class='ocrx_word' id='word_1_11' title='bbox 883 386 1026 458; x_wconf 82' lang='lat' dir='ltr'><em>imperitia</em></span> 
     </span>
     <span class='ocr_line' id='line_1_3' title="bbox 417 457 1092 532; baseline 0.004 -22"><span class='ocrx_word' id='word_1_12' title='bbox 417 458 518 510; x_wconf 78' lang='lat' dir='ltr'><em>Nescit</em></span> <span class='ocrx_word' id='word_1_13' title='bbox 535 460 616 513; x_wconf 87' lang='lat' dir='ltr'><em>Deus</em></span> <span class='ocrx_word' id='word_1_14' title='bbox 635 466 696 532; x_wconf 86' lang='lat' dir='ltr'><em>quis</em></span> <span class='ocrx_word' id='word_1_15' title='bbox 713 457 868 513; x_wconf 66' lang='lat' dir='ltr'><em>homitibus</em></span> <span class='ocrx_word' id='word_1_16' title='bbox 884 466 925 514; x_wconf 89' lang='lat' dir='ltr'><em>sit</em></span> <span class='ocrx_word' id='word_1_17' title='bbox 942 465 1092 514; x_wconf 72' lang='lat' dir='ltr'><em>maximus.</em></span> 
     </span>
     <span class='ocr_line' id='line_1_4' title="bbox 192 526 1160 615; baseline 0.013 -30"><span class='ocrx_word' id='word_1_18' title='bbox 192 527 311 585; x_wconf 75' lang='lat' dir='ltr'><em>Exstant</em></span> <span class='ocrx_word' id='word_1_19' title='bbox 331 526 416 584; x_wconf 87' lang='lat' dir='ltr'><em>iidem</em></span> <span class='ocrx_word' id='word_1_20' title='bbox 437 550 546 602; x_wconf 86' lang='lat' dir='ltr'><em>versus,</em></span> <span class='ocrx_word' id='word_1_21' title='bbox 566 532 615 588; x_wconf 86' lang='lat' dir='ltr'><em>sed</em></span> <span class='ocrx_word' id='word_1_22' title='bbox 637 533 759 615; x_wconf 60' lang='lat' dir='ltr'><em>mutilati</em></span> <span class='ocrx_word' id='word_1_23' title='bbox 783 534 856 608; x_wconf 83' lang='lat' dir='ltr'><em>apud</em></span> <span class='ocrx_word' id='word_1_24' title='bbox 879 535 1052 591; x_wconf 72' lang='lat' dir='ltr'>Athenaeum</span> <span class='ocrx_word' id='word_1_25' title='bbox 1071 537 1095 589; x_wconf 89' lang='lat'><em>1.</em></span> <span class='ocrx_word' id='word_1_26' title='bbox 1115 539 1160 597; x_wconf 72' lang='lat' dir='ltr'><em>ts</em></span> 
     </span>
     <span class='ocr_line' id='line_1_5' title="bbox 269 605 1526 685; baseline 0.002 -22"><span class='ocrx_word' id='word_1_27' title='bbox 269 607 294 673; x_wconf 61' lang='grc' dir='ltr'><em>ὖ.</em></span> <span class='ocrx_word' id='word_1_28' title='bbox 316 606 363 663; x_wconf 75' lang='lat'><em>69·</em></span> <span class='ocrx_word' id='word_1_29' title='bbox 389 605 434 659; x_wconf 85' lang='lat' dir='ltr'><em>Tu</em></span> <span class='ocrx_word' id='word_1_30' title='bbox 455 626 498 663; x_wconf 89' lang='lat' dir='ltr'><em>me</em></span> <span class='ocrx_word' id='word_1_31' title='bbox 520 614 638 680; x_wconf 80' lang='lat' dir='ltr'><em>uniaris]</em></span> <span class='ocrx_word' id='word_1_32' title='bbox 664 610 766 665; x_wconf 84' lang='lat' dir='ltr'><em>Versus</em></span> <span class='ocrx_word' id='word_1_33' title='bbox 785 610 832 664; x_wconf 88' lang='lat' dir='ltr'><em>bic</em></span> <span class='ocrx_word' id='word_1_34' title='bbox 851 615 881 664; x_wconf 88' lang='lat' dir='ltr'><em>in</em></span> <span class='ocrx_word' id='word_1_35' title='bbox 900 609 962 665; x_wconf 89' lang='lat' dir='ltr'><em>aliis</em></span> <span class='ocrx_word' id='word_1_36' title='bbox 980 609 1060 666; x_wconf 85' lang='lat' dir='ltr'><em>libris</em></span> <span class='ocrx_word' id='word_1_37' title='bbox 1080 609 1116 664; x_wconf 83' lang='lat' dir='ltr'><em>ad</em></span> <span class='ocrx_word' id='word_1_38' title='bbox 1134 625 1263 664; x_wconf 84' lang='lat' dir='ltr'><em>numeros</em></span> <span class='ocrx_word' id='word_1_39' title='bbox 1286 607 1385 665; x_wconf 81' lang='lat' dir='ltr'><em>meiius</em></span> <span class='ocrx_word' id='word_1_40' title='bbox 1405 606 1526 685; x_wconf 77' lang='lat' dir='ltr'><em>quadrat</em></span> 
     </span>
     <span class='ocr_line' id='line_1_6' title="bbox 193 672 1291 757; baseline 0.004 -23"><span class='ocrx_word' id='word_1_41' title='bbox 193 672 249 734; x_wconf 88' lang='lat' dir='ltr'><em>boc</em></span> <span class='ocrx_word' id='word_1_42' title='bbox 269 676 370 733; x_wconf 90' lang='lat' dir='ltr'><em>modo:</em></span> <span class='ocrx_word' id='word_1_43' title='bbox 395 679 439 734; x_wconf 89' lang='lat' dir='ltr'><em>Tu</em></span> <span class='ocrx_word' id='word_1_44' title='bbox 457 701 500 735; x_wconf 89' lang='lat' dir='ltr'><em>me</em></span> <span class='ocrx_word' id='word_1_45' title='bbox 519 689 626 737; x_wconf 85' lang='lat' dir='ltr'><em>amoris</em></span> <span class='ocrx_word' id='word_1_46' title='bbox 646 684 734 754; x_wconf 84' lang='lat' dir='ltr'><em>magi’</em></span> <span class='ocrx_word' id='word_1_47' title='bbox 756 702 839 757; x_wconf 90' lang='lat' dir='ltr'><em>quam</em></span> <span class='ocrx_word' id='word_1_48' title='bbox 864 685 981 739; x_wconf 77' lang='lat' dir='ltr'><em>nonoris</em></span> <span class='ocrx_word' id='word_1_49' title='bbox 1000 689 1158 739; x_wconf 70' lang='lat' dir='ltr'><em>servavisti</em></span> <span class='ocrx_word' id='word_1_50' title='bbox 1202 689 1291 738; x_wconf 83' lang='lat' dir='ltr'><em>ratio.</em></span> 
     </span>
     <span class='ocr_line' id='line_1_7' title="bbox 103 753 1527 838; baseline 0.005 -27"><span class='ocrx_word' id='word_1_51' title='bbox 103 814 107 821; x_wconf 47' lang='lat'><em>.</em></span> <span class='ocrx_word' id='word_1_52' title='bbox 268 756 293 823; x_wconf 59' lang='grc' dir='ltr'><em>ἕ.</em></span> <span class='ocrx_word' id='word_1_53' title='bbox 314 760 359 812; x_wconf 87' lang='lat'><em>70.</em></span> <span class='ocrx_word' id='word_1_54' title='bbox 386 758 520 811; x_wconf 84' lang='lat' dir='ltr'><em>Amorem</em></span> <span class='ocrx_word' id='word_1_55' title='bbox 543 768 654 829; x_wconf 86' lang='lat' dir='ltr'><em>negant</em></span> <span class='ocrx_word' id='word_1_56' title='bbox 677 766 771 830; x_wconf 78' lang='lat' dir='ltr'><em>stupri</em></span> <span class='ocrx_word' id='word_1_57' title='bbox 795 760 869 834; x_wconf 85' lang='lat' dir='ltr'><em>esse]</em></span> <span class='ocrx_word' id='word_1_58' title='bbox 896 761 984 817; x_wconf 86' lang='lat' dir='ltr'><em>Stoici</em></span> <span class='ocrx_word' id='word_1_59' title='bbox 1010 758 1124 827; x_wconf 86' lang='lat' dir='ltr'><em>dionnt,</em></span> <span class='ocrx_word' id='word_1_60' title='bbox 1157 778 1213 818; x_wconf 83' lang='grc' dir='ltr'><em>τον</em></span> <span class='ocrx_word' id='word_1_61' title='bbox 1241 754 1345 837; x_wconf 77' lang='grc' dir='ltr'><strong><em>ἔρωτα</em></strong></span> <span class='ocrx_word' id='word_1_62' title='bbox 1367 753 1415 838; x_wconf 79' lang='grc' dir='ltr'><em>μὴ</em></span> <span class='ocrx_word' id='word_1_63' title='bbox 1441 755 1527 818; x_wconf 75' lang='grc' dir='ltr'><strong><em>εἶναι</em></strong></span> 
     </span>
     <span class='ocr_line' id='line_1_8' title="bbox 193 828 1527 909; baseline 0.001 -23"><span class='ocrx_word' id='word_1_64' title='bbox 193 828 376 899; x_wconf 77' lang='grc' dir='ltr'><strong><em>συνουσίας,</em></strong></span> <span class='ocrx_word' id='word_1_65' title='bbox 402 828 483 891; x_wconf 66' lang='grc' dir='ltr'><em>ἀλλὰ</em></span> <span class='ocrx_word' id='word_1_66' title='bbox 501 833 622 908; x_wconf 76' lang='grc' dir='ltr'><strong><em>φιλίας,</em></strong></span> <span class='ocrx_word' id='word_1_67' title='bbox 648 850 678 890; x_wconf 89' lang='lat' dir='ltr'><em>nt</em></span> <span class='ocrx_word' id='word_1_68' title='bbox 699 850 817 891; x_wconf 84' lang='lat' dir='ltr'><em>testator</em></span> <span class='ocrx_word' id='word_1_69' title='bbox 835 836 928 891; x_wconf 76' lang='lat' dir='ltr'><em>Lairt.</em></span> <span class='ocrx_word' id='word_1_70' title='bbox 945 835 1009 891; x_wconf 85' lang='lat' dir='ltr'><em>Lib.</em></span> <span class='ocrx_word' id='word_1_71' title='bbox 1029 841 1056 895; x_wconf 87' lang='lat'><em>7.</em></span> <span class='ocrx_word' id='word_1_72' title='bbox 1099 837 1222 909; x_wconf 79' lang='lat' dir='ltr'><strong>Epicuro</strong></span> <span class='ocrx_word' id='word_1_73' title='bbox 1248 850 1362 904; x_wconf 85' lang='lat' dir='ltr'><em>contra,</em></span> <span class='ocrx_word' id='word_1_74' title='bbox 1391 849 1423 889; x_wconf 85' lang='lat' dir='ltr'><em>nt</em></span> <span class='ocrx_word' id='word_1_75' title='bbox 1445 833 1527 893; x_wconf 83' lang='lat' dir='ltr'><em>idem</em></span> 
     </span>
     <span class='ocr_line' id='line_1_9' title="bbox 191 903 1407 984; baseline 0.005 -21"><span class='ocrx_word' id='word_1_76' title='bbox 191 903 267 959; x_wconf 81' lang='lat' dir='ltr'><em>libro</em></span> <span class='ocrx_word' id='word_1_77' title='bbox 288 904 404 973; x_wconf 81' lang='lat' dir='ltr'><em>scribit,</em></span> <span class='ocrx_word' id='word_1_78' title='bbox 427 906 646 983; x_wconf 73' lang='grc' dir='ltr'><strong><em>ἐρασθήσεθαι</em></strong></span> <span class='ocrx_word' id='word_1_79' title='bbox 667 904 721 968; x_wconf 83' lang='grc' dir='ltr'><em>τὸν</em></span> <span class='ocrx_word' id='word_1_80' title='bbox 741 906 842 984; x_wconf 83' lang='grc' dir='ltr'><strong><em>σοφὸν</em></strong></span> <span class='ocrx_word' id='word_1_81' title='bbox 865 907 902 969; x_wconf 85' lang='grc' dir='ltr'><em>οὐ</em></span> <span class='ocrx_word' id='word_1_82' title='bbox 926 908 1016 970; x_wconf 81' lang='grc' dir='ltr'><strong><em>δοκεῖ.</em></strong></span> <span class='ocrx_word' id='word_1_83' title='bbox 1044 946 1051 955; x_wconf 82' lang='lat'><em>‚</em></span> <span class='ocrx_word' id='word_1_84' title='bbox 1402 944 1407 963; x_wconf 67' lang='grc' dir='ltr'><em>ι</em></span> 
     </span>
     <span class='ocr_line' id='line_1_10' title="bbox 268 983 1525 1057; baseline -0.002 -18"><span class='ocrx_word' id='word_1_85' title='bbox 268 985 293 1051; x_wconf 72' lang='lat'><em>§0</em></span> <span class='ocrx_word' id='word_1_86' title='bbox 315 984 360 1039; x_wconf 84' lang='lat'><em>71.</em></span> <span class='ocrx_word' id='word_1_87' title='bbox 386 990 416 1034; x_wconf 90' lang='lat' dir='ltr'><em>et</em></span> <span class='ocrx_word' id='word_1_88' title='bbox 433 1000 557 1036; x_wconf 89' lang='lat' dir='ltr'><em>amorem</em></span> <span class='ocrx_word' id='word_1_89' title='bbox 574 990 665 1055; x_wconf 81' lang='lat' dir='ltr'><em>ipstun</em></span> <span class='ocrx_word' id='word_1_90' title='bbox 686 994 819 1039; x_wconf 86' lang='lat' dir='ltr'><em>conatum</em></span> <span class='ocrx_word' id='word_1_91' title='bbox 836 990 980 1040; x_wconf 84' lang='lat' dir='ltr'><em>anticitiae</em></span> <span class='ocrx_word' id='word_1_92' title='bbox 990 984 1073 1057; x_wconf 72' lang='lat' dir='ltr'><em>fac]</em></span> <span class='ocrx_word' id='word_1_93' title='bbox 1100 987 1179 1040; x_wconf 79' lang='lat' dir='ltr'><em>Hane</em></span> <span class='ocrx_word' id='word_1_94' title='bbox 1202 983 1393 1040; x_wconf 83' lang='lat' dir='ltr'><em>definitionem</em></span> <span class='ocrx_word' id='word_1_95' title='bbox 1416 987 1525 1039; x_wconf 76' lang='lat' dir='ltr'><em>amorio</em></span> 
     </span>
     <span class='ocr_line' id='line_1_11' title="bbox 193 1046 1524 1140; baseline 0.004 -30"><span class='ocrx_word' id='word_1_96' title='bbox 193 1057 321 1110; x_wconf 75' lang='lat' dir='ltr'><em>Lairtius</em></span> <span class='ocrx_word' id='word_1_97' title='bbox 340 1060 389 1108; x_wconf 54' lang='lat' dir='ltr'><em>ita*</em></span> <span class='ocrx_word' id='word_1_98' title='bbox 401 1054 499 1112; x_wconf 81' lang='lat' dir='ltr'>refert:</span> <span class='ocrx_word' id='word_1_99' title='bbox 524 1054 601 1135; x_wconf 80' lang='grc' dir='ltr'><em>ἔρως</em></span> <span class='ocrx_word' id='word_1_100' title='bbox 618 1055 701 1119; x_wconf 79' lang='grc' dir='ltr'><strong><em>ἐστὶν</em></strong></span> <span class='ocrx_word' id='word_1_101' title='bbox 723 1057 852 1140; x_wconf 71' lang='grc' dir='ltr'><strong><em>ἐπιβολὴ</em></strong></span> <span class='ocrx_word' id='word_1_102' title='bbox 871 1058 1062 1136; x_wconf 72' lang='grc' dir='ltr'><strong><em>φιλευυοιΐας</em></strong></span> <span class='ocrx_word' id='word_1_103' title='bbox 1080 1046 1134 1120; x_wconf 67' lang='lat' dir='ltr'><em>teis</em></span> <span class='ocrx_word' id='word_1_104' title='bbox 1149 1059 1262 1124; x_wconf 79' lang='grc' dir='ltr'><strong><em>κάλλος</em></strong></span> <span class='ocrx_word' id='word_1_105' title='bbox 1282 1058 1300 1118; x_wconf 79' lang='lat' dir='ltr'><em>s&#39;</em></span> <span class='ocrx_word' id='word_1_106' title='bbox 1322 1057 1524 1136; x_wconf 68' lang='grc' dir='ltr'><strong><em>φαινραενον.</em></strong></span> 
     </span>
     <span class='ocr_line' id='line_1_12' title="bbox 193 1128 1523 1210; baseline 0.002 -25"><span class='ocrx_word' id='word_1_107' title='bbox 193 1128 276 1204; x_wconf 78' lang='lat' dir='ltr'><em>Apud</em></span> <span class='ocrx_word' id='word_1_108' title='bbox 294 1131 437 1185; x_wconf 71' lang='lat' dir='ltr'><em>Laterium</em></span> <span class='ocrx_word' id='word_1_109' title='bbox 456 1130 589 1187; x_wconf 90' lang='lat' dir='ltr'><em>mendose</em></span> <span class='ocrx_word' id='word_1_110' title='bbox 608 1134 790 1208; x_wconf 59' lang='grc' dir='ltr'><strong><em>φιλοπονίας</em></strong></span> <span class='ocrx_word' id='word_1_111' title='bbox 807 1153 859 1207; x_wconf 95' lang='lat' dir='ltr'><em>pro</em></span> <span class='ocrx_word' id='word_1_112' title='bbox 878 1130 1070 1210; x_wconf 69' lang='lat' dir='ltr'><em>pcisvnoeidtt</em></span> <span class='ocrx_word' id='word_1_113' title='bbox 1087 1135 1114 1189; x_wconf 81' lang='lat' dir='ltr'><em>ie</em></span> <span class='ocrx_word' id='word_1_114' title='bbox 1133 1139 1206 1201; x_wconf 87' lang='lat' dir='ltr'><em>itur,</em></span> <span class='ocrx_word' id='word_1_115' title='bbox 1226 1152 1282 1207; x_wconf 90' lang='lat' dir='ltr'><em>qno</em></span> <span class='ocrx_word' id='word_1_116' title='bbox 1319 1151 1377 1189; x_wconf 91' lang='lat' dir='ltr'><em>non</em></span> <span class='ocrx_word' id='word_1_117' title='bbox 1396 1131 1523 1188; x_wconf 83' lang='lat' dir='ltr'><em>animad-</em></span> 
     </span>
     <span class='ocr_line' id='line_1_13' title="bbox 130 1154 1545 1282; baseline -0.001 -22"><span class='ocrx_word' id='word_1_118' title='bbox 130 1236 133 1243; x_wconf 67' lang='lat'><em>=</em></span> <span class='ocrx_word' id='word_1_119' title='bbox 192 1221 302 1260; x_wconf 81' lang='lat' dir='ltr'><em>vertens</em></span> <span class='ocrx_word' id='word_1_120' title='bbox 324 1209 460 1282; x_wconf 85' lang='lat' dir='ltr'><em>interpres</em></span> <span class='ocrx_word' id='word_1_121' title='bbox 486 1214 526 1262; x_wconf 79' lang='lat' dir='ltr'><em>itt</em></span> <span class='ocrx_word' id='word_1_122' title='bbox 548 1212 645 1264; x_wconf 81' lang='lat' dir='ltr'><em>vertit:</em></span> <span class='ocrx_word' id='word_1_123' title='bbox 669 1210 760 1262; x_wconf 83' lang='lat' dir='ltr'><em>Amor</em></span> <span class='ocrx_word' id='word_1_124' title='bbox 783 1219 829 1263; x_wconf 88' lang='lat' dir='ltr'><em>est</em></span> <span class='ocrx_word' id='word_1_125' title='bbox 844 1154 1188 1264; x_wconf 54' lang='lat' dir='ltr'><em>amiitatrixfindudrtae</em></span> <span class='ocrx_word' id='word_1_126' title='bbox 1212 1219 1242 1263; x_wconf 90' lang='lat' dir='ltr'><em>et</em></span> <span class='ocrx_word' id='word_1_127' title='bbox 1265 1210 1353 1263; x_wconf 87' lang='lat' dir='ltr'><em>studii</em></span> <span class='ocrx_word' id='word_1_128' title='bbox 1366 1227 1420 1281; x_wconf 82' lang='lat' dir='ltr'><em>per</em></span> <span class='ocrx_word' id='word_1_129' title='bbox 1440 1226 1545 1282; x_wconf 75' lang='lat' dir='ltr'><em>aper--</em></span> 
     </span>
     <span class='ocr_line' id='line_1_14' title="bbox 193 1280 1524 1362; baseline 0.005 -29"><span class='ocrx_word' id='word_1_130' title='bbox 193 1290 256 1339; x_wconf 83' lang='lat' dir='ltr'><em>tam</em></span> <span class='ocrx_word' id='word_1_131' title='bbox 275 1298 310 1333; x_wconf 80' lang='lat' dir='ltr'><em>ao</em></span> <span class='ocrx_word' id='word_1_132' title='bbox 330 1298 361 1339; x_wconf 78' lang='lat' dir='ltr'><em>se</em></span> <span class='ocrx_word' id='word_1_133' title='bbox 378 1287 554 1352; x_wconf 70' lang='lat' dir='ltr'><em>ingerentem</em></span> <span class='ocrx_word' id='word_1_134' title='bbox 571 1280 816 1356; x_wconf 79' lang='lat' dir='ltr'><em>pulchritudinem.</em></span> <span class='ocrx_word' id='word_1_135' title='bbox 845 1287 914 1356; x_wconf 80' lang='lat' dir='ltr'><em>·&#39;l&#39;n,</em></span> <span class='ocrx_word' id='word_1_136' title='bbox 936 1290 1052 1362; x_wconf 87' lang='lat' dir='ltr'><em>ineptiis</em></span> <span class='ocrx_word' id='word_1_137' title='bbox 1070 1291 1180 1357; x_wconf 79' lang='lat' dir='ltr'><em>missis,</em></span> <span class='ocrx_word' id='word_1_138' title='bbox 1200 1285 1368 1346; x_wconf 76' lang='lat' dir='ltr'><em>cicaronem</em></span> <span class='ocrx_word' id='word_1_139' title='bbox 1386 1289 1524 1359; x_wconf 86' lang='lat' dir='ltr'><em>interpre-</em></span> 
     </span>
    </p>
   </div>
   <div class='ocr_carea' id='block_1_3' title="bbox 52 1367 1022 1428">
    <p class='ocr_par' dir='ltr' id='par_1_3' title="bbox 52 1367 1022 1428">
     <span class='ocr_line' id='line_1_15' title="bbox 52 1367 1022 1428; baseline 0.004 -16"><span class='ocrx_word' id='word_1_140' title='bbox 52 1406 56 1421; x_wconf 90' lang='grc'>,</span> <span class='ocrx_word' id='word_1_141' title='bbox 97 1392 101 1401; x_wconf 38' lang='grc' dir='ltr'><em>ω</em></span> <span class='ocrx_word' id='word_1_142' title='bbox 192 1372 251 1413; x_wconf 85' lang='lat' dir='ltr'><em>tem</em></span> <span class='ocrx_word' id='word_1_143' title='bbox 272 1367 395 1428; x_wconf 71' lang='lat' dir='ltr'><em>sequere.</em></span> <span class='ocrx_word' id='word_1_144' title='bbox 1020 1394 1022 1405; x_wconf 63' lang='grc' dir='ltr'>ι</span> 
     </span>
    </p>
   </div>
   <div class='ocr_carea' id='block_1_4' title="bbox 130 1432 1548 3442">
    <p class='ocr_par' dir='ltr' id='par_1_4' title="bbox 193 1432 1522 1660">
     <span class='ocr_line' id='line_1_16' title="bbox 210 1432 1522 1509; baseline 0.005 -22"><span class='ocrx_word' id='word_1_145' title='bbox 210 1456 212 1461; x_wconf 66' lang='grc'>’</span> <span class='ocrx_word' id='word_1_146' title='bbox 269 1433 295 1501; x_wconf 75' lang='lat'><em>§-</em></span> <span class='ocrx_word' id='word_1_147' title='bbox 315 1438 359 1493; x_wconf 78' lang='grc'><em>75.</em></span> <span class='ocrx_word' id='word_1_148' title='bbox 386 1432 526 1488; x_wconf 77' lang='lat' dir='ltr'><em>Venerem</em></span> <span class='ocrx_word' id='word_1_149' title='bbox 541 1452 627 1487; x_wconf 84' lang='lat' dir='ltr'><em>urtam</em></span> <span class='ocrx_word' id='word_1_150' title='bbox 642 1433 781 1502; x_wconf 75' lang='lat' dir='ltr'><em>excludit,</em></span> <span class='ocrx_word' id='word_1_151' title='bbox 798 1442 837 1488; x_wconf 75' lang='lat' dir='ltr'><em>ut</em></span> <span class='ocrx_word' id='word_1_152' title='bbox 854 1438 989 1509; x_wconf 84' lang='lat' dir='ltr'><em>tniqtsam]</em></span> <span class='ocrx_word' id='word_1_153' title='bbox 1016 1438 1086 1503; x_wconf 85' lang='lat' dir='ltr'><em>Pto,</em></span> <span class='ocrx_word' id='word_1_154' title='bbox 1106 1439 1246 1507; x_wconf 73' lang='lat' dir='ltr'><em>istiqtsam,</em></span> <span class='ocrx_word' id='word_1_155' title='bbox 1271 1432 1396 1490; x_wconf 77' lang='lat' dir='ltr'><em>Tomeb.</em></span> <span class='ocrx_word' id='word_1_156' title='bbox 1414 1432 1478 1489; x_wconf 75' lang='lat' dir='ltr'><em>Lu.</em></span> <span class='ocrx_word' id='word_1_157' title='bbox 1494 1439 1522 1493; x_wconf 75' lang='lat'><em>⁷0</em></span> 
     </span>
     <span class='ocr_line' id='line_1_17' title="bbox 193 1506 1520 1586; baseline -0.001 -23"><span class='ocrx_word' id='word_1_158' title='bbox 193 1506 318 1563; x_wconf 81' lang='lat' dir='ltr'><em>Advers.</em></span> <span class='ocrx_word' id='word_1_159' title='bbox 336 1524 398 1580; x_wconf 83' lang='lat' dir='ltr'><em>cap.</em></span> <span class='ocrx_word' id='word_1_160' title='bbox 414 1515 460 1570; x_wconf 82' lang='lat'><em>18.</em></span> <span class='ocrx_word' id='word_1_161' title='bbox 477 1528 594 1581; x_wconf 79' lang='lat' dir='ltr'><em>nequam</em></span> <span class='ocrx_word' id='word_1_162' title='bbox 613 1515 723 1583; x_wconf 80' lang='lat' dir='ltr'><em>reponit</em></span> <span class='ocrx_word' id='word_1_163' title='bbox 742 1528 776 1564; x_wconf 81' lang='lat' dir='ltr'><em>ex</em></span> <span class='ocrx_word' id='word_1_164' title='bbox 792 1509 841 1564; x_wconf 84' lang='lat' dir='ltr'><em>lib.</em></span> <span class='ocrx_word' id='word_1_165' title='bbox 860 1516 990 1586; x_wconf 75' lang='lat' dir='ltr'><em>antiquat</em></span> <span class='ocrx_word' id='word_1_166' title='bbox 1011 1516 1167 1585; x_wconf 78' lang='lat' dir='ltr'><em>nequitiam</em></span> <span class='ocrx_word' id='word_1_167' title='bbox 1185 1516 1259 1565; x_wconf 92' lang='lat' dir='ltr'><em>enim</em></span> <span class='ocrx_word' id='word_1_168' title='bbox 1274 1513 1390 1564; x_wconf 84' lang='lat' dir='ltr'><em>Veneris</em></span> <span class='ocrx_word' id='word_1_169' title='bbox 1412 1524 1520 1579; x_wconf 76' lang='lat' dir='ltr'><em>tantam</em></span> 
     </span>
     <span class='ocr_line' id='line_1_18' title="bbox 195 1585 1521 1660; baseline 0.002 -23"><span class='ocrx_word' id='word_1_170' title='bbox 195 1600 255 1637; x_wconf 85' lang='lat' dir='ltr'><em>esse</em></span> <span class='ocrx_word' id='word_1_171' title='bbox 277 1598 388 1651; x_wconf 88' lang='lat' dir='ltr'><em>censet,</em></span> <span class='ocrx_word' id='word_1_172' title='bbox 412 1598 443 1639; x_wconf 86' lang='lat' dir='ltr'><em>nt</em></span> <span class='ocrx_word' id='word_1_173' title='bbox 467 1590 594 1659; x_wconf 82' lang='lat' dir='ltr'><em>precanti</em></span> <span class='ocrx_word' id='word_1_174' title='bbox 619 1602 701 1658; x_wconf 92' lang='lat' dir='ltr'><em>opem</em></span> <span class='ocrx_word' id='word_1_175' title='bbox 723 1603 780 1640; x_wconf 90' lang='lat' dir='ltr'><em>non</em></span> <span class='ocrx_word' id='word_1_176' title='bbox 801 1590 841 1641; x_wconf 86' lang='lat' dir='ltr'><em>tit</em></span> <span class='ocrx_word' id='word_1_177' title='bbox 861 1585 951 1642; x_wconf 82' lang='lat' dir='ltr'><em>latura</em></span> <span class='ocrx_word' id='word_1_178' title='bbox 970 1585 1158 1660; x_wconf 80' lang='lat' dir='ltr'><em>voluptatibus</em></span> <span class='ocrx_word' id='word_1_179' title='bbox 1178 1600 1308 1654; x_wconf 84' lang='lat' dir='ltr'><em>avooata,</em></span> <span class='ocrx_word' id='word_1_180' title='bbox 1327 1601 1410 1659; x_wconf 83' lang='lat' dir='ltr'><em>atqne</em></span> <span class='ocrx_word' id='word_1_181' title='bbox 1429 1599 1521 1658; x_wconf 81' lang='lat' dir='ltr'><em>capta.</em></span> 
     </span>
    </p>

    <p class='ocr_par' dir='ltr' id='par_1_5' title="bbox 194 1658 1522 1812">
     <span class='ocr_line' id='line_1_19' title="bbox 268 1658 1522 1735; baseline 0.002 -24"><span class='ocrx_word' id='word_1_182' title='bbox 268 1658 292 1726; x_wconf 57' lang='grc' dir='ltr'><em>ᾗ.</em></span> <span class='ocrx_word' id='word_1_183' title='bbox 312 1662 357 1717; x_wconf 85' lang='grc'><em>77.</em></span> <span class='ocrx_word' id='word_1_184' title='bbox 383 1658 434 1712; x_wconf 87' lang='lat' dir='ltr'><em>Ira</em></span> <span class='ocrx_word' id='word_1_185' title='bbox 450 1678 520 1731; x_wconf 68' lang='lat' dir='ltr'><em>nepo</em></span> <span class='ocrx_word' id='word_1_186' title='bbox 539 1660 681 1732; x_wconf 84' lang='lat' dir='ltr'><em>quamdiu]</em></span> <span class='ocrx_word' id='word_1_187' title='bbox 709 1660 758 1715; x_wconf 80' lang='lat' dir='ltr'><em>Sic</em></span> <span class='ocrx_word' id='word_1_188' title='bbox 776 1660 933 1717; x_wconf 74' lang='lat' dir='ltr'><em>emendavit</em></span> <span class='ocrx_word' id='word_1_189' title='bbox 949 1665 1108 1729; x_wconf 82' lang='lat' dir='ltr'><em>Manutius,</em></span> <span class='ocrx_word' id='word_1_190' title='bbox 1131 1677 1241 1717; x_wconf 82' lang='lat' dir='ltr'><em>etanta</em></span> <span class='ocrx_word' id='word_1_191' title='bbox 1260 1667 1352 1735; x_wconf 86' lang='lat' dir='ltr'><em>ipsum</em></span> <span class='ocrx_word' id='word_1_192' title='bbox 1368 1663 1522 1729; x_wconf 83' lang='lat' dir='ltr'><em>Victorius,</em></span> 
     </span>
     <span class='ocr_line' id='line_1_20' title="bbox 194 1734 1408 1812; baseline 0.004 -25"><span class='ocrx_word' id='word_1_193' title='bbox 194 1750 279 1807; x_wconf 82' lang='lat' dir='ltr'><em>qaum</em></span> <span class='ocrx_word' id='word_1_194' title='bbox 300 1737 331 1787; x_wconf 83' lang='lat' dir='ltr'><em>in</em></span> <span class='ocrx_word' id='word_1_195' title='bbox 352 1734 487 1807; x_wconf 80' lang='lat' dir='ltr'><em>vulgatis,</em></span> <span class='ocrx_word' id='word_1_196' title='bbox 509 1754 675 1808; x_wconf 80' lang='lat' dir='ltr'><em>quautquam</em></span> <span class='ocrx_word' id='word_1_197' title='bbox 696 1735 761 1803; x_wconf 87' lang='lat' dir='ltr'><em>diu,</em></span> <span class='ocrx_word' id='word_1_198' title='bbox 787 1741 974 1805; x_wconf 73' lang='lat' dir='ltr'><em>inassuetis,</em></span> <span class='ocrx_word' id='word_1_199' title='bbox 1000 1756 1070 1809; x_wconf 87' lang='lat' dir='ltr'><em>quae</em></span> <span class='ocrx_word' id='word_1_200' title='bbox 1090 1737 1236 1810; x_wconf 85' lang='lat' dir='ltr'><em>quamdiu,</em></span> <span class='ocrx_word' id='word_1_201' title='bbox 1260 1737 1408 1812; x_wconf 79' lang='lat' dir='ltr'><em>legeretur.</em></span> 
     </span>
    </p>

    <p class='ocr_par' dir='ltr' id='par_1_6' title="bbox 134 1805 1522 2033">
     <span class='ocr_line' id='line_1_21' title="bbox 272 1805 1522 1886; baseline 0.002 -23"><span class='ocrx_word' id='word_1_202' title='bbox 272 1805 362 1863; x_wconf 88' lang='lat' dir='ltr'><em>Ibid.</em></span> <span class='ocrx_word' id='word_1_203' title='bbox 388 1810 490 1864; x_wconf 83' lang='lat' dir='ltr'><em>Maior</em></span> <span class='ocrx_word' id='word_1_204' title='bbox 510 1809 578 1863; x_wconf 80' lang='lat' dir='ltr'><em>milei</em></span> <span class='ocrx_word' id='word_1_205' title='bbox 599 1810 698 1884; x_wconf 85' lang='lat' dir='ltr'><em>moles]</em></span> <span class='ocrx_word' id='word_1_206' title='bbox 724 1814 761 1867; x_wconf 85' lang='lat' dir='ltr'><em>Hi</em></span> <span class='ocrx_word' id='word_1_207' title='bbox 790 1811 846 1868; x_wconf 82' lang='lat' dir='ltr'><em>dno</em></span> <span class='ocrx_word' id='word_1_208' title='bbox 869 1818 975 1869; x_wconf 85' lang='lat' dir='ltr'><em>senarii</em></span> <span class='ocrx_word' id='word_1_209' title='bbox 998 1830 1065 1867; x_wconf 86' lang='lat' dir='ltr'><em>cum</em></span> <span class='ocrx_word' id='word_1_210' title='bbox 1090 1817 1194 1883; x_wconf 88' lang='lat' dir='ltr'><em>tertio,</em></span> <span class='ocrx_word' id='word_1_211' title='bbox 1221 1817 1268 1886; x_wconf 82' lang='lat' dir='ltr'><em>qut</em></span> <span class='ocrx_word' id='word_1_212' title='bbox 1294 1815 1346 1867; x_wconf 89' lang='lat' dir='ltr'><em>bos</em></span> <span class='ocrx_word' id='word_1_213' title='bbox 1371 1808 1522 1881; x_wconf 75' lang='lat' dir='ltr'><em>antecedit,</em></span> 
     </span>
     <span class='ocr_line' id='line_1_22' title="bbox 195 1884 808 1957; baseline 0 -18"><span class='ocrx_word' id='word_1_214' title='bbox 195 1898 304 1939; x_wconf 82' lang='lat' dir='ltr'><em>exstant</em></span> <span class='ocrx_word' id='word_1_215' title='bbox 323 1902 432 1957; x_wconf 84' lang='lat' dir='ltr'><em>quoque</em></span> <span class='ocrx_word' id='word_1_216' title='bbox 449 1884 509 1940; x_wconf 82' lang='lat' dir='ltr'><em>Lib.</em></span> <span class='ocrx_word' id='word_1_217' title='bbox 521 1889 555 1953; x_wconf 74' lang='grc' dir='ltr'><em>Ι5.</em></span> <span class='ocrx_word' id='word_1_218' title='bbox 577 1886 611 1938; x_wconf 92' lang='lat' dir='ltr'><em>de</em></span> <span class='ocrx_word' id='word_1_219' title='bbox 629 1886 763 1943; x_wconf 79' lang='lat' dir='ltr'><em>Oratore.</em></span> <span class='ocrx_word' id='word_1_220' title='bbox 805 1912 808 1915; x_wconf 44' lang='lat'>1</span> 
     </span>
     <span class='ocr_line' id='line_1_23' title="bbox 134 1957 1522 2033; baseline 0.001 -21"><span class='ocrx_word' id='word_1_221' title='bbox 134 1994 141 2017; x_wconf 63' lang='lat'><em>.,</em></span> <span class='ocrx_word' id='word_1_222' title='bbox 267 1957 358 2019; x_wconf 80' lang='lat' dir='ltr'><em>ibid.</em></span> <span class='ocrx_word' id='word_1_223' title='bbox 386 1960 424 2013; x_wconf 85' lang='lat' dir='ltr'><em>Ut</em></span> <span class='ocrx_word' id='word_1_224' title='bbox 450 1978 528 2019; x_wconf 81' lang='lat' dir='ltr'><em>nteos</em></span> <span class='ocrx_word' id='word_1_225' title='bbox 553 1962 637 2015; x_wconf 68' lang='lat' dir='ltr'><em>mods</em></span> <span class='ocrx_word' id='word_1_226' title='bbox 664 1967 749 2014; x_wconf 87' lang='lat' dir='ltr'><em>miser</em></span> <span class='ocrx_word' id='word_1_227' title='bbox 766 1961 905 2019; x_wconf 87' lang='lat' dir='ltr'><em>Mandem</em></span> <span class='ocrx_word' id='word_1_228' title='bbox 928 1966 1025 2033; x_wconf 88' lang='lat' dir='ltr'><em>natos]</em></span> <span class='ocrx_word' id='word_1_229' title='bbox 1051 1963 1142 2016; x_wconf 84' lang='lat' dir='ltr'><em>Maiis</em></span> <span class='ocrx_word' id='word_1_230' title='bbox 1160 1961 1376 2029; x_wconf 86' lang='lat' dir='ltr'><em>mandem,·est</em></span> <span class='ocrx_word' id='word_1_231' title='bbox 1400 1960 1522 2021; x_wconf 80' lang='lat' dir='ltr'><em>maxillis</em></span> 
     </span>
    </p>

    <p class='ocr_par' dir='ltr' id='par_1_7' title="bbox 195 2033 1522 2261">
     <span class='ocr_line' id='line_1_24' title="bbox 195 2033 1522 2110; baseline 0.005 -24"><span class='ocrx_word' id='word_1_232' title='bbox 195 2037 375 2104; x_wconf 72' lang='lat' dir='ltr'><em>permittam,</em></span> <span class='ocrx_word' id='word_1_233' title='bbox 402 2049 429 2089; x_wconf 87' lang='lat' dir='ltr'><em>et</em></span> <span class='ocrx_word' id='word_1_234' title='bbox 451 2033 597 2104; x_wconf 80' lang='lat' dir='ltr'><em>devorem,</em></span> <span class='ocrx_word' id='word_1_235' title='bbox 622 2053 654 2093; x_wconf 86' lang='lat' dir='ltr'><em>ut</em></span> <span class='ocrx_word' id='word_1_236' title='bbox 676 2035 749 2110; x_wconf 83' lang='lat' dir='ltr'><em>epod</em></span> <span class='ocrx_word' id='word_1_237' title='bbox 771 2039 931 2095; x_wconf 80' lang='lat' dir='ltr'><em>Lucretium</em></span> <span class='ocrx_word' id='word_1_238' title='bbox 954 2039 1015 2093; x_wconf 77' lang='lat' dir='ltr'><em>Lib.</em></span> <span class='ocrx_word' id='word_1_239' title='bbox 1038 2043 1066 2095; x_wconf 85' lang='lat'><em>2.</em></span> <span class='ocrx_word' id='word_1_240' title='bbox 1110 2039 1156 2092; x_wconf 89' lang='lat' dir='ltr'><em>Ne</em></span> <span class='ocrx_word' id='word_1_241' title='bbox 1181 2038 1323 2091; x_wconf 82' lang='lat' dir='ltr'><em>Satrnnus</em></span> <span class='ocrx_word' id='word_1_242' title='bbox 1349 2055 1412 2089; x_wconf 76' lang='lat' dir='ltr'><em>erm</em></span> <span class='ocrx_word' id='word_1_243' title='bbox 1440 2038 1522 2093; x_wconf 67' lang='lat' dir='ltr'><em>mais</em></span> 
     </span>
     <span class='ocr_line' id='line_1_25' title="bbox 195 2108 1522 2184; baseline 0.003 -23"><span class='ocrx_word' id='word_1_244' title='bbox 195 2108 347 2162; x_wconf 83' lang='lat' dir='ltr'><em>mandaret</em></span> <span class='ocrx_word' id='word_1_245' title='bbox 363 2109 491 2183; x_wconf 74' lang='lat' dir='ltr'><em>adoptem,</em></span> <span class='ocrx_word' id='word_1_246' title='bbox 511 2118 590 2167; x_wconf 84' lang='lat' dir='ltr'><em>euius</em></span> <span class='ocrx_word' id='word_1_247' title='bbox 604 2111 663 2167; x_wconf 89' lang='lat' dir='ltr'><em>looi</em></span> <span class='ocrx_word' id='word_1_248' title='bbox 678 2112 862 2171; x_wconf 69' lang='lat' dir='ltr'><em>similitudine</em></span> <span class='ocrx_word' id='word_1_249' title='bbox 875 2113 1027 2168; x_wconf 84' lang='lat' dir='ltr'><em>Lambinus</em></span> <span class='ocrx_word' id='word_1_250' title='bbox 1042 2114 1117 2175; x_wconf 81' lang='lat' dir='ltr'><em>buno</em></span> <span class='ocrx_word' id='word_1_251' title='bbox 1132 2119 1305 2168; x_wconf 81' lang='lat' dir='ltr'><em>restituerat:</em></span> <span class='ocrx_word' id='word_1_252' title='bbox 1326 2130 1408 2184; x_wconf 87' lang='lat' dir='ltr'><em>quem</em></span> <span class='ocrx_word' id='word_1_253' title='bbox 1421 2110 1522 2166; x_wconf 83' lang='lat' dir='ltr'><em>deinde</em></span> 
     </span>
     <span class='ocr_line' id='line_1_26' title="bbox 195 2183 1522 2261; baseline 0.005 -25"><span class='ocrx_word' id='word_1_254' title='bbox 195 2185 237 2237; x_wconf 82' lang='lat' dir='ltr'><em>ita</em></span> <span class='ocrx_word' id='word_1_255' title='bbox 259 2190 289 2239; x_wconf 92' lang='lat' dir='ltr'><em>in</em></span> <span class='ocrx_word' id='word_1_256' title='bbox 308 2183 415 2240; x_wconf 85' lang='lat' dir='ltr'><em>duobos</em></span> <span class='ocrx_word' id='word_1_257' title='bbox 434 2186 576 2243; x_wconf 73' lang='lat' dir='ltr'><em>codicibus</em></span> <span class='ocrx_word' id='word_1_258' title='bbox 598 2205 737 2243; x_wconf 84' lang='lat' dir='ltr'><em>manuscr.</em></span> <span class='ocrx_word' id='word_1_259' title='bbox 759 2189 820 2243; x_wconf 85' lang='lat' dir='ltr'><em>Lib.</em></span> <span class='ocrx_word' id='word_1_260' title='bbox 837 2194 865 2250; x_wconf 68' lang='grc' dir='ltr'><em>ὅ.</em></span> <span class='ocrx_word' id='word_1_261' title='bbox 885 2190 921 2243; x_wconf 88' lang='lat' dir='ltr'><em>de</em></span> <span class='ocrx_word' id='word_1_262' title='bbox 937 2190 1062 2243; x_wconf 80' lang='lat' dir='ltr'><em>Oratore</em></span> <span class='ocrx_word' id='word_1_263' title='bbox 1085 2187 1229 2243; x_wconf 86' lang='lat' dir='ltr'><em>emendate</em></span> <span class='ocrx_word' id='word_1_264' title='bbox 1248 2193 1385 2261; x_wconf 83' lang='lat' dir='ltr'><em>scriptum</em></span> <span class='ocrx_word' id='word_1_265' title='bbox 1404 2191 1522 2243; x_wconf 83' lang='lat' dir='ltr'><em>invenit.</em></span> 
     </span>
    </p>

    <p class='ocr_par' dir='ltr' id='par_1_8' title="bbox 196 2259 1525 2473">
     <span class='ocr_line' id='line_1_27' title="bbox 273 2259 1522 2338; baseline 0 -23"><span class='ocrx_word' id='word_1_266' title='bbox 273 2259 364 2317; x_wconf 85' lang='lat' dir='ltr'><em>lbid.</em></span> <span class='ocrx_word' id='word_1_267' title='bbox 390 2261 466 2333; x_wconf 85' lang='lat' dir='ltr'><em>Quid</em></span> <span class='ocrx_word' id='word_1_268' title='bbox 479 2272 523 2316; x_wconf 90' lang='lat' dir='ltr'><em>est</em></span> <span class='ocrx_word' id='word_1_269' title='bbox 538 2267 627 2329; x_wconf 88' lang='lat' dir='ltr'><em>enim,</em></span> <span class='ocrx_word' id='word_1_270' title='bbox 649 2282 703 2335; x_wconf 86' lang='lat' dir='ltr'><em>quo</em></span> <span class='ocrx_word' id='word_1_271' title='bbox 719 2282 776 2316; x_wconf 89' lang='lat' dir='ltr'><em>non</em></span> <span class='ocrx_word' id='word_1_272' title='bbox 787 2269 902 2335; x_wconf 75' lang='lat' dir='ltr'><em>progn]</em></span> <span class='ocrx_word' id='word_1_273' title='bbox 930 2266 964 2318; x_wconf 93' lang='lat' dir='ltr'><em>ln</em></span> <span class='ocrx_word' id='word_1_274' title='bbox 983 2265 1099 2338; x_wconf 83' lang='lat' dir='ltr'><em>vulgatis</em></span> <span class='ocrx_word' id='word_1_275' title='bbox 1117 2264 1198 2318; x_wconf 90' lang='lat' dir='ltr'><em>libris</em></span> <span class='ocrx_word' id='word_1_276' title='bbox 1214 2262 1341 2318; x_wconf 87' lang='lat' dir='ltr'><em>omnibns</em></span> <span class='ocrx_word' id='word_1_277' title='bbox 1359 2262 1522 2336; x_wconf 77' lang='lat' dir='ltr'><em>perturbato</em></span> 
     </span>
     <span class='ocr_line' id='line_1_28' title="bbox 196 2333 1523 2411; baseline 0.002 -22"><span class='ocrx_word' id='word_1_278' title='bbox 196 2333 295 2389; x_wconf 84' lang='lat' dir='ltr'><em>ordine</em></span> <span class='ocrx_word' id='word_1_279' title='bbox 313 2335 430 2409; x_wconf 79' lang='lat' dir='ltr'><em>legitur,</em></span> <span class='ocrx_word' id='word_1_280' title='bbox 453 2338 521 2410; x_wconf 88' lang='lat' dir='ltr'><em>quid</em></span> <span class='ocrx_word' id='word_1_281' title='bbox 536 2347 580 2391; x_wconf 89' lang='lat' dir='ltr'><em>est</em></span> <span class='ocrx_word' id='word_1_282' title='bbox 594 2342 669 2390; x_wconf 89' lang='lat' dir='ltr'><em>enim</em></span> <span class='ocrx_word' id='word_1_283' title='bbox 683 2358 737 2409; x_wconf 90' lang='lat' dir='ltr'><em>quo</em></span> <span class='ocrx_word' id='word_1_284' title='bbox 753 2356 811 2391; x_wconf 90' lang='lat' dir='ltr'><em>non</em></span> <span class='ocrx_word' id='word_1_285' title='bbox 824 2339 1031 2411; x_wconf 81' lang='lat' dir='ltr'><em>progrediatur</em></span> <span class='ocrx_word' id='word_1_286' title='bbox 1046 2339 1141 2393; x_wconf 87' lang='lat' dir='ltr'><em>eodem</em></span> <span class='ocrx_word' id='word_1_287' title='bbox 1158 2345 1219 2404; x_wconf 87' lang='lat' dir='ltr'><em>ira,</em></span> <span class='ocrx_word' id='word_1_288' title='bbox 1242 2358 1294 2410; x_wconf 88' lang='lat' dir='ltr'><em>quo</em></span> <span class='ocrx_word' id='word_1_289' title='bbox 1305 2336 1420 2410; x_wconf 76' lang='lat' dir='ltr'><em>furori</em></span> <span class='ocrx_word' id='word_1_290' title='bbox 1438 2338 1523 2397; x_wconf 79' lang='lat' dir='ltr'><em>Lam,-</em></span> 
     </span>
     <span class='ocr_line' id='line_1_29' title="bbox 196 2408 1525 2473; baseline 0.002 -9"><span class='ocrx_word' id='word_1_291' title='bbox 196 2410 278 2466; x_wconf 87' lang='lat' dir='ltr'><em>binos</em></span> <span class='ocrx_word' id='word_1_292' title='bbox 299 2410 404 2467; x_wconf 79' lang='lat' dir='ltr'><em>doubts</em></span> <span class='ocrx_word' id='word_1_293' title='bbox 421 2412 537 2473; x_wconf 75' lang='lat' dir='ltr'><em>uocibus</em></span> <span class='ocrx_word' id='word_1_294' title='bbox 560 2418 591 2468; x_wconf 90' lang='lat' dir='ltr'><em>in</em></span> <span class='ocrx_word' id='word_1_295' title='bbox 612 2431 693 2468; x_wconf 89' lang='lat' dir='ltr'><em>suom</em></span> <span class='ocrx_word' id='word_1_296' title='bbox 711 2413 806 2468; x_wconf 84' lang='lat' dir='ltr'><em>iocum</em></span> <span class='ocrx_word' id='word_1_297' title='bbox 825 2419 963 2469; x_wconf 83' lang='lat' dir='ltr'><em>restitutis</em></span> <span class='ocrx_word' id='word_1_298' title='bbox 983 2414 1114 2469; x_wconf 86' lang='lat' dir='ltr'><em>mendum</em></span> <span class='ocrx_word' id='word_1_299' title='bbox 1133 2414 1255 2470; x_wconf 82' lang='lat' dir='ltr'><em>sustulit.</em></span> <span class='ocrx_word' id='word_1_300' title='bbox 1294 2416 1326 2470; x_wconf 90' lang='lat' dir='ltr'><em>ln</em></span> <span class='ocrx_word' id='word_1_301' title='bbox 1346 2408 1525 2467; x_wconf 70' lang='lat' dir='ltr'><em>nostro⁸ma-</em></span> 
     </span>
    </p>

    <p class='ocr_par' dir='ltr' id='par_1_9' title="bbox 197 2487 1466 2563">
     <span class='ocr_line' id='line_1_30' title="bbox 197 2487 1466 2563; baseline 0.002 -22"><span class='ocrx_word' id='word_1_302' title='bbox 197 2491 344 2562; x_wconf 83' lang='lat' dir='ltr'><em>nuscripto</em></span> <span class='ocrx_word' id='word_1_303' title='bbox 363 2503 421 2554; x_wconf 66' lang='lat' dir='ltr'><em>estq</em></span> <span class='ocrx_word' id='word_1_304' title='bbox 444 2488 520 2560; x_wconf 82' lang='lat' dir='ltr'><em>Quid</em></span> <span class='ocrx_word' id='word_1_305' title='bbox 537 2498 581 2563; x_wconf 82' lang='lat' dir='ltr'><em>est</em></span> <span class='ocrx_word' id='word_1_306' title='bbox 598 2494 688 2557; x_wconf 74' lang='lat' dir='ltr'><em>enim,</em></span> <span class='ocrx_word' id='word_1_307' title='bbox 713 2508 766 2563; x_wconf 90' lang='lat' dir='ltr'><em>quo</em></span> <span class='ocrx_word' id='word_1_308' title='bbox 786 2507 844 2542; x_wconf 88' lang='lat' dir='ltr'><em>non</em></span> <span class='ocrx_word' id='word_1_309' title='bbox 863 2490 1069 2560; x_wconf 83' lang='lat' dir='ltr'><em>progrediatur</em></span> <span class='ocrx_word' id='word_1_310' title='bbox 1090 2509 1186 2544; x_wconf 85' lang='lat' dir='ltr'><em>eornm</em></span> <span class='ocrx_word' id='word_1_311' title='bbox 1207 2490 1274 2543; x_wconf 79' lang='lat' dir='ltr'><em>ira?</em></span> <span class='ocrx_word' id='word_1_312' title='bbox 1296 2507 1349 2561; x_wconf 87' lang='lat' dir='ltr'><em>quo</em></span> <span class='ocrx_word' id='word_1_313' title='bbox 1362 2487 1466 2560; x_wconf 85' lang='lat' dir='ltr'><em>furor.</em></span> 
     </span>
    </p>

    <p class='ocr_par' dir='ltr' id='par_1_10' title="bbox 130 2556 1525 2940">
     <span class='ocr_line' id='line_1_31' title="bbox 155 2556 1523 2636; baseline 0.003 -23"><span class='ocrx_word' id='word_1_314' title='bbox 155 2564 164 2576; x_wconf 85' lang='grc'><em>“</em></span> <span class='ocrx_word' id='word_1_315' title='bbox 272 2564 297 2630; x_wconf 63' lang='grc'><em>9.</em></span> <span class='ocrx_word' id='word_1_316' title='bbox 317 2565 362 2623; x_wconf 86' lang='lat'><em>79.</em></span> <span class='ocrx_word' id='word_1_317' title='bbox 389 2564 431 2616; x_wconf 83' lang='lat' dir='ltr'><em>At</em></span> <span class='ocrx_word' id='word_1_318' title='bbox 454 2566 597 2617; x_wconf 83' lang='lat' dir='ltr'><em>naturalis</em></span> <span class='ocrx_word' id='word_1_319' title='bbox 621 2569 676 2635; x_wconf 88' lang='lat' dir='ltr'><em>est]</em></span> <span class='ocrx_word' id='word_1_320' title='bbox 703 2563 797 2621; x_wconf 88' lang='lat' dir='ltr'><em>Probo</em></span> <span class='ocrx_word' id='word_1_321' title='bbox 822 2556 946 2620; x_wconf 63' lang='lat' dir='ltr'><em>bdanntii</em></span> <span class='ocrx_word' id='word_1_322' title='bbox 966 2565 1204 2620; x_wconf 69' lang='lat' dir='ltr'><em>emendationem:</em></span> <span class='ocrx_word' id='word_1_323' title='bbox 1229 2582 1281 2619; x_wconf 85' lang='lat' dir='ltr'><em>nec</em></span> <span class='ocrx_word' id='word_1_324' title='bbox 1306 2581 1400 2619; x_wconf 87' lang='lat' dir='ltr'><em>tamen</em></span> <span class='ocrx_word' id='word_1_325' title='bbox 1420 2566 1523 2636; x_wconf 87' lang='lat' dir='ltr'><em>soripti</em></span> 
     </span>
     <span class='ocr_line' id='line_1_32' title="bbox 197 2635 1524 2715; baseline -0.001 -25"><span class='ocrx_word' id='word_1_326' title='bbox 197 2635 264 2691; x_wconf 83' lang='lat' dir='ltr'><em>libri</em></span> <span class='ocrx_word' id='word_1_327' title='bbox 282 2637 433 2693; x_wconf 76' lang='lat' dir='ltr'><em>lectionem</em></span> <span class='ocrx_word' id='word_1_328' title='bbox 449 2638 594 2715; x_wconf 90' lang='lat' dir='ltr'><em>improbo,</em></span> <span class='ocrx_word' id='word_1_329' title='bbox 614 2644 715 2714; x_wconf 80' lang='lat' dir='ltr'><em>inquo</em></span> <span class='ocrx_word' id='word_1_330' title='bbox 732 2656 807 2695; x_wconf 88' lang='lat' dir='ltr'><em>totus</em></span> <span class='ocrx_word' id='word_1_331' title='bbox 823 2640 901 2695; x_wconf 87' lang='lat' dir='ltr'><em>locos</em></span> <span class='ocrx_word' id='word_1_332' title='bbox 921 2645 963 2696; x_wconf 90' lang='lat' dir='ltr'><em>sic</em></span> <span class='ocrx_word' id='word_1_333' title='bbox 979 2656 1083 2696; x_wconf 73' lang='lat' dir='ltr'><em>exstat:</em></span> <span class='ocrx_word' id='word_1_334' title='bbox 1102 2641 1203 2695; x_wconf 83' lang='lat' dir='ltr'><em>Potest</em></span> <span class='ocrx_word' id='word_1_335' title='bbox 1218 2642 1297 2692; x_wconf 76' lang='lat' dir='ltr'><em>ruitis</em></span> <span class='ocrx_word' id='word_1_336' title='bbox 1310 2659 1370 2695; x_wconf 81' lang='lat' dir='ltr'><em>esre</em></span> <span class='ocrx_word' id='word_1_337' title='bbox 1387 2638 1524 2692; x_wconf 69' lang='lat' dir='ltr'><em>munia?</em></span> 
     </span>
     <span class='ocr_line' id='line_1_33' title="bbox 197 2713 1524 2790; baseline 0 -23"><span class='ocrx_word' id='word_1_338' title='bbox 197 2720 250 2767; x_wconf 82' lang='lat' dir='ltr'><em>uui</em></span> <span class='ocrx_word' id='word_1_339' title='bbox 270 2714 402 2783; x_wconf 75' lang='lat' dir='ltr'><em>naturaie</em></span> <span class='ocrx_word' id='word_1_340' title='bbox 422 2720 566 2785; x_wconf 83' lang='lat' dir='ltr'><em>quicquam</em></span> <span class='ocrx_word' id='word_1_341' title='bbox 584 2723 644 2783; x_wconf 89' lang='lat' dir='ltr'><em>est,</em></span> <span class='ocrx_word' id='word_1_342' title='bbox 664 2723 694 2768; x_wconf 88' lang='lat' dir='ltr'><em>et</em></span> <span class='ocrx_word' id='word_1_343' title='bbox 711 2716 866 2776; x_wconf 76' lang='lat' dir='ltr'><em>sectandum·</em></span> <span class='ocrx_word' id='word_1_344' title='bbox 878 2725 1027 2783; x_wconf 80' lang='lat' dir='ltr'><em>natrsram,</em></span> <span class='ocrx_word' id='word_1_345' title='bbox 1051 2716 1125 2787; x_wconf 90' lang='lat' dir='ltr'><em>quod</em></span> <span class='ocrx_word' id='word_1_346' title='bbox 1131 2714 1177 2790; x_wconf 86' lang='lat' dir='ltr'><em>fit</em></span> <span class='ocrx_word' id='word_1_347' title='bbox 1195 2724 1371 2787; x_wconf 74' lang='lat' dir='ltr'><em>repugnante</em></span> <span class='ocrx_word' id='word_1_348' title='bbox 1388 2713 1524 2779; x_wconf 72' lang='lat' dir='ltr'><em>retieret</em></span> 
     </span>
     <span class='ocr_line' id='line_1_34' title="bbox 150 2786 1525 2866; baseline 0.003 -23"><span class='ocrx_word' id='word_1_349' title='bbox 150 2844 152 2847; x_wconf 81' lang='grc'><strong>,</strong></span> <span class='ocrx_word' id='word_1_350' title='bbox 273 2789 297 2854; x_wconf 84' lang='lat'><em>§.</em></span> <span class='ocrx_word' id='word_1_351' title='bbox 318 2795 364 2847; x_wconf 80' lang='lat'><em>80.</em></span> <span class='ocrx_word' id='word_1_352' title='bbox 391 2789 417 2841; x_wconf 87' lang='lat' dir='ltr'><em>Ii</em></span> <span class='ocrx_word' id='word_1_353' title='bbox 436 2799 503 2859; x_wconf 85' lang='lat' dir='ltr'><em>sunt</em></span> <span class='ocrx_word' id='word_1_354' title='bbox 519 2795 564 2842; x_wconf 87' lang='lat' dir='ltr'><em>ita</em></span> <span class='ocrx_word' id='word_1_355' title='bbox 581 2792 761 2861; x_wconf 74' lang='lat' dir='ltr'><em>constitutit]</em></span> <span class='ocrx_word' id='word_1_356' title='bbox 787 2786 959 2863; x_wconf 81' lang='lat' dir='ltr'><em>Invulgatis</em></span> <span class='ocrx_word' id='word_1_357' title='bbox 979 2787 1525 2866; x_wconf 77' lang='lat' dir='ltr'><em>omnibusmendonlagnur,1tsunt</em></span> 
     </span>
     <span class='ocr_line' id='line_1_35' title="bbox 130 2861 1185 2940; baseline 0.009 -27"><span class='ocrx_word' id='word_1_358' title='bbox 130 2932 132 2936; x_wconf 6' lang='grc' dir='ltr'><strong>λ</strong></span> <span class='ocrx_word' id='word_1_359' title='bbox 198 2861 334 2914; x_wconf 81' lang='lat' dir='ltr'><em>eiusmodi</em></span> <span class='ocrx_word' id='word_1_360' title='bbox 353 2869 510 2920; x_wconf 82' lang='lat' dir='ltr'><em>constituti.</em></span> <span class='ocrx_word' id='word_1_361' title='bbox 548 2865 679 2921; x_wconf 81' lang='lat' dir='ltr'><em>Lambini</em></span> <span class='ocrx_word' id='word_1_362' title='bbox 700 2864 858 2921; x_wconf 84' lang='lat' dir='ltr'><em>emendatio</em></span> <span class='ocrx_word' id='word_1_363' title='bbox 878 2883 919 2921; x_wconf 85' lang='lat' dir='ltr'><em>est</em></span> <span class='ocrx_word' id='word_1_364' title='bbox 936 2872 967 2920; x_wconf 91' lang='lat' dir='ltr'><em>in</em></span> <span class='ocrx_word' id='word_1_365' title='bbox 985 2873 1185 2940; x_wconf 85' lang='lat' dir='ltr'><em>manuscripto.</em></span> 
     </span>
    </p>

    <p class='ocr_par' dir='ltr' id='par_1_11' title="bbox 198 2935 1525 3165">
     <span class='ocr_line' id='line_1_36' title="bbox 249 2935 1525 3016; baseline 0.001 -27"><span class='ocrx_word' id='word_1_366' title='bbox 249 2935 365 3003; x_wconf 75' lang='lat' dir='ltr'><em>.,1bid.</em></span> <span class='ocrx_word' id='word_1_367' title='bbox 391 2939 500 2991; x_wconf 88' lang='lat' dir='ltr'><em>derisus</em></span> <span class='ocrx_word' id='word_1_368' title='bbox 524 2948 569 2993; x_wconf 90' lang='lat' dir='ltr'><em>est</em></span> <span class='ocrx_word' id='word_1_369' title='bbox 590 2960 609 2993; x_wconf 86' lang='grc' dir='ltr'><strong><em>α</em></strong></span> <span class='ocrx_word' id='word_1_370' title='bbox 630 2941 745 3015; x_wconf 86' lang='lat' dir='ltr'><em>ceteris]</em></span> <span class='ocrx_word' id='word_1_371' title='bbox 771 2940 1034 2998; x_wconf 65' lang='lat' dir='ltr'><em>suthseauno</em></span> <span class='ocrx_word' id='word_1_372' title='bbox 1058 2947 1087 2996; x_wconf 92' lang='lat' dir='ltr'><em>in</em></span> <span class='ocrx_word' id='word_1_373' title='bbox 1109 2948 1214 3016; x_wconf 82' lang='lat' dir='ltr'><em>scripto</em></span> <span class='ocrx_word' id='word_1_374' title='bbox 1233 2940 1329 2996; x_wconf 84' lang='lat' dir='ltr'><em>oodioe</em></span> <span class='ocrx_word' id='word_1_375' title='bbox 1348 2937 1475 3005; x_wconf 84' lang='lat' dir='ltr'><em>additur,</em></span> <span class='ocrx_word' id='word_1_376' title='bbox 1495 2946 1525 2991; x_wconf 89' lang='lat' dir='ltr'><em>et</em></span> 
     </span>
     <span class='ocr_line' id='line_1_37' title="bbox 198 3012 1525 3089; baseline 0.002 -25"><span class='ocrx_word' id='word_1_377' title='bbox 198 3012 340 3084; x_wconf 77' lang='lat' dir='ltr'><em>stupidum</em></span> <span class='ocrx_word' id='word_1_378' title='bbox 361 3013 498 3083; x_wconf 74' lang='lat' dir='ltr'><em>dixisset,</em></span> <span class='ocrx_word' id='word_1_379' title='bbox 523 3023 553 3068; x_wconf 85' lang='lat' dir='ltr'><em>et</em></span> <span class='ocrx_word' id='word_1_380' title='bbox 574 3017 761 3069; x_wconf 76' lang='lat' dir='ltr'><em>mulierosum.</em></span> <span class='ocrx_word' id='word_1_381' title='bbox 800 3016 955 3089; x_wconf 82' lang='lat' dir='ltr'><em>Quodego</em></span> <span class='ocrx_word' id='word_1_382' title='bbox 977 3035 1010 3070; x_wconf 82' lang='lat' dir='ltr'><em>ex</em></span> <span class='ocrx_word' id='word_1_383' title='bbox 1031 3017 1105 3071; x_wconf 88' lang='lat' dir='ltr'><em>libro</em></span> <span class='ocrx_word' id='word_1_384' title='bbox 1129 3017 1163 3071; x_wconf 87' lang='lat' dir='ltr'><em>de</em></span> <span class='ocrx_word' id='word_1_385' title='bbox 1184 3018 1256 3071; x_wconf 68' lang='lat' dir='ltr'><em>iaso</em></span> <span class='ocrx_word' id='word_1_386' title='bbox 1279 3015 1312 3069; x_wconf 82' lang='lat' dir='ltr'><em>ad</em></span> <span class='ocrx_word' id='word_1_387' title='bbox 1326 3031 1413 3069; x_wconf 77' lang='lat' dir='ltr'><em>oram</em></span> <span class='ocrx_word' id='word_1_388' title='bbox 1430 3031 1525 3069; x_wconf 79' lang='lat' dir='ltr'><em>exem-</em></span> 
     </span>
     <span class='ocr_line' id='line_1_38' title="bbox 199 3087 1411 3165; baseline 0.003 -25"><span class='ocrx_word' id='word_1_389' title='bbox 199 3087 285 3161; x_wconf 87' lang='lat' dir='ltr'><em>piaris</em></span> <span class='ocrx_word' id='word_1_390' title='bbox 301 3094 454 3165; x_wconf 83' lang='lat' dir='ltr'><em>ascriptum</em></span> <span class='ocrx_word' id='word_1_391' title='bbox 473 3089 573 3158; x_wconf 76' lang='lat' dir='ltr'><em>inisse,</em></span> <span class='ocrx_word' id='word_1_392' title='bbox 594 3087 676 3164; x_wconf 83' lang='lat' dir='ltr'><em>a&#39;tqos</em></span> <span class='ocrx_word' id='word_1_393' title='bbox 696 3090 761 3145; x_wconf 88' lang='lat' dir='ltr'><em>inde</em></span> <span class='ocrx_word' id='word_1_394' title='bbox 780 3096 811 3145; x_wconf 91' lang='lat' dir='ltr'><em>in</em></span> <span class='ocrx_word' id='word_1_395' title='bbox 829 3090 977 3145; x_wconf 82' lang='lat' dir='ltr'><em>verborum</em></span> <span class='ocrx_word' id='word_1_396' title='bbox 999 3109 1162 3147; x_wconf 80' lang='lat' dir='ltr'><em>contextum</em></span> <span class='ocrx_word' id='word_1_397' title='bbox 1184 3096 1308 3159; x_wconf 85' lang='lat' dir='ltr'><em>venisse,</em></span> <span class='ocrx_word' id='word_1_398' title='bbox 1331 3107 1411 3164; x_wconf 88' lang='lat' dir='ltr'><em>puto.</em></span> 
     </span>
    </p>

    <p class='ocr_par' dir='ltr' id='par_1_12' title="bbox 198 3162 1548 3442">
     <span class='ocr_line' id='line_1_39' title="bbox 274 3162 1548 3241; baseline -0.004 -21"><span class='ocrx_word' id='word_1_399' title='bbox 274 3162 299 3230; x_wconf 80' lang='lat'><em>§·</em></span> <span class='ocrx_word' id='word_1_400' title='bbox 315 3170 360 3224; x_wconf 79' lang='lat' dir='ltr'><em>tt.</em></span> <span class='ocrx_word' id='word_1_401' title='bbox 383 3175 481 3238; x_wconf 81' lang='lat' dir='ltr'><em>potest</em></span> <span class='ocrx_word' id='word_1_402' title='bbox 495 3166 589 3219; x_wconf 84' lang='lat' dir='ltr'><em>videri</em></span> <span class='ocrx_word' id='word_1_403' title='bbox 604 3168 678 3219; x_wconf 80' lang='lat' dir='ltr'><em>alites</em></span> <span class='ocrx_word' id='word_1_404' title='bbox 692 3167 748 3221; x_wconf 85' lang='lat' dir='ltr'><em>alio</em></span> <span class='ocrx_word' id='word_1_405' title='bbox 765 3174 871 3219; x_wconf 79' lang='lat' dir='ltr'><em>natura</em></span> <span class='ocrx_word' id='word_1_406' title='bbox 885 3166 924 3220; x_wconf 85' lang='lat' dir='ltr'><em>ad</em></span> <span class='ocrx_word' id='word_1_407' title='bbox 939 3166 1020 3239; x_wconf 75' lang='lat' dir='ltr'><em>aliq]</em></span> <span class='ocrx_word' id='word_1_408' title='bbox 1046 3169 1125 3222; x_wconf 88' lang='lat' dir='ltr'><em>Prius</em></span> <span class='ocrx_word' id='word_1_409' title='bbox 1141 3168 1298 3241; x_wconf 84' lang='lat' dir='ltr'><em>legebatur,</em></span> <span class='ocrx_word' id='word_1_410' title='bbox 1317 3170 1415 3222; x_wconf 87' lang='lat' dir='ltr'><em>Potest</em></span> <span class='ocrx_word' id='word_1_411' title='bbox 1429 3163 1548 3217; x_wconf 81' lang='lat' dir='ltr'><em>videri.</em></span> 
     </span>
     <span class='ocr_line' id='line_1_40' title="bbox 199 3236 1525 3315; baseline 0.004 -27"><span class='ocrx_word' id='word_1_412' title='bbox 199 3236 290 3304; x_wconf 88' lang='lat' dir='ltr'><em>alius,</em></span> <span class='ocrx_word' id='word_1_413' title='bbox 314 3246 346 3289; x_wconf 90' lang='lat' dir='ltr'><em>ut</em></span> <span class='ocrx_word' id='word_1_414' title='bbox 365 3246 489 3295; x_wconf 71' lang='lat' dir='ltr'><em>namara:</em></span> <span class='ocrx_word' id='word_1_415' title='bbox 515 3241 612 3294; x_wconf 85' lang='lat' dir='ltr'><em>Lamb.</em></span> <span class='ocrx_word' id='word_1_416' title='bbox 631 3262 681 3313; x_wconf 83' lang='lat' dir='ltr'><em>ex,</em></span> <span class='ocrx_word' id='word_1_417' title='bbox 703 3250 750 3308; x_wconf 89' lang='lat' dir='ltr'><em>ut,</em></span> <span class='ocrx_word' id='word_1_418' title='bbox 771 3242 845 3315; x_wconf 86' lang='lat' dir='ltr'><em>quod</em></span> <span class='ocrx_word' id='word_1_419' title='bbox 864 3241 1044 3315; x_wconf 80' lang='lat' dir='ltr'><em>depravatum</em></span> <span class='ocrx_word' id='word_1_420' title='bbox 1062 3241 1146 3297; x_wconf 82' lang='lat' dir='ltr'><em>fuisse</em></span> <span class='ocrx_word' id='word_1_421' title='bbox 1167 3248 1223 3310; x_wconf 80' lang='lat' dir='ltr'><em>tit,</em></span> <span class='ocrx_word' id='word_1_422' title='bbox 1241 3241 1323 3312; x_wconf 77' lang='lat' dir='ltr'><em>iecit,</em></span> <span class='ocrx_word' id='word_1_423' title='bbox 1340 3242 1406 3294; x_wconf 83' lang='lat' dir='ltr'><em>ulio.</em></span> <span class='ocrx_word' id='word_1_424' title='bbox 1444 3238 1525 3294; x_wconf 82' lang='lat' dir='ltr'><em>nane</em></span> 
     </span>
     <span class='ocr_line' id='line_1_41' title="bbox 198 3312 1526 3439; baseline 0.007 -73"><span class='ocrx_word' id='word_1_425' title='bbox 198 3326 294 3439; x_wconf 55' lang='grc' dir='ltr'><strong><em>ἔοιεω</em></strong></span> <span class='ocrx_word' id='word_1_426' title='bbox 313 3314 532 3386; x_wconf 81' lang='lat' dir='ltr'><em>proclivitatem,</em></span> <span class='ocrx_word' id='word_1_427' title='bbox 556 3317 663 3387; x_wconf 83' lang='lat' dir='ltr'><em>Stoici,</em></span> <span class='ocrx_word' id='word_1_428' title='bbox 682 3333 714 3372; x_wconf 87' lang='lat' dir='ltr'><em>ot</em></span> <span class='ocrx_word' id='word_1_429' title='bbox 734 3315 806 3393; x_wconf 87' lang='lat' dir='ltr'><em>apud</em></span> <span class='ocrx_word' id='word_1_430' title='bbox 821 3318 966 3407; x_wconf 55' lang='lat' dir='ltr'><em>Lairtium</em></span> <span class='ocrx_word' id='word_1_431' title='bbox 989 3334 1049 3385; x_wconf 88' lang='lat' dir='ltr'><em>est,</em></span> <span class='ocrx_word' id='word_1_432' title='bbox 1070 3318 1290 3399; x_wconf 75' lang='grc' dir='ltr'><strong><em>τοῦσώματος</em></strong></span> <span class='ocrx_word' id='word_1_433' title='bbox 1313 3312 1526 3395; x_wconf 67' lang='lat' dir='ltr'><em>inspirantes</em></span> 
     </span>
     <span class='ocr_line' id='line_1_42' title="bbox 219 3403 337 3442; baseline 0.017 -2"><span class='ocrx_word' id='word_1_434' title='bbox 219 3405 261 3440; x_wconf 80' lang='lat' dir='ltr'><em>rte</em></span> <span class='ocrx_word' id='word_1_435' title='bbox 317 3403 337 3442; x_wconf 91' lang='lat' dir='ltr'><em>t.</em></span> 
     </span>
    </p>
   </div>
   <div class='ocr_carea' id='block_1_5' title="bbox 201 3461 1525 3761">
    <p class='ocr_par' dir='ltr' id='par_1_13' title="bbox 201 3461 1525 3761">
     <span class='ocr_line' id='line_1_43' title="bbox 276 3461 1525 3558; baseline 0.006 -44"><span class='ocrx_word' id='word_1_436' title='bbox 276 3462 290 3515; x_wconf 90' lang='lat'>1</span> <span class='ocrx_word' id='word_1_437' title='bbox 322 3461 366 3517; x_wconf 89' lang='lat' dir='ltr'><em>id.</em></span> <span class='ocrx_word' id='word_1_438' title='bbox 385 3473 426 3558; x_wconf 40' lang='lat' dir='ltr'><em>&#39;ut</em></span> <span class='ocrx_word' id='word_1_439' title='bbox 440 3472 481 3519; x_wconf 85' lang='lat' dir='ltr'><em>sit</em></span> <span class='ocrx_word' id='word_1_440' title='bbox 495 3467 570 3520; x_wconf 71' lang='lat' dir='ltr'><em>udus</em></span> <span class='ocrx_word' id='word_1_441' title='bbox 583 3467 625 3521; x_wconf 86' lang='lat' dir='ltr'><em>nd</em></span> <span class='ocrx_word' id='word_1_442' title='bbox 637 3469 711 3527; x_wconf 83' lang='lat' dir='ltr'><em>aiios</em></span> <span class='ocrx_word' id='word_1_443' title='bbox 726 3472 829 3538; x_wconf 83' lang='lat' dir='ltr'><em>motus]</em></span> <span class='ocrx_word' id='word_1_444' title='bbox 856 3469 895 3522; x_wconf 87' lang='lat' dir='ltr'><em>Ut</em></span> <span class='ocrx_word' id='word_1_445' title='bbox 912 3472 952 3521; x_wconf 86' lang='lat' dir='ltr'><em>sit</em></span> <span class='ocrx_word' id='word_1_446' title='bbox 969 3468 1044 3521; x_wconf 73' lang='lat' dir='ltr'><em>olitis</em></span> <span class='ocrx_word' id='word_1_447' title='bbox 1062 3466 1103 3520; x_wconf 89' lang='lat' dir='ltr'><em>ad</em></span> <span class='ocrx_word' id='word_1_448' title='bbox 1119 3467 1178 3521; x_wconf 80' lang='lat' dir='ltr'><em>alio</em></span> <span class='ocrx_word' id='word_1_449' title='bbox 1195 3472 1285 3535; x_wconf 82' lang='lat' dir='ltr'><em>uitia,</em></span> <span class='ocrx_word' id='word_1_450' title='bbox 1304 3474 1335 3519; x_wconf 83' lang='lat' dir='ltr'><em>et</em></span> <span class='ocrx_word' id='word_1_451' title='bbox 1350 3473 1460 3532; x_wconf 70' lang='lat' dir='ltr'><em>moues,</em></span> <span class='ocrx_word' id='word_1_452' title='bbox 1481 3478 1525 3521; x_wconf 84' lang='lat' dir='ltr'><em>est</em></span> 
     </span>
     <span class='ocr_line' id='line_1_44' title="bbox 201 3540 1523 3689; baseline 0.002 -22"><span class='ocrx_word' id='word_1_453' title='bbox 201 3540 233 3592; x_wconf 60' lang='lat' dir='ltr'><strong>h</strong></span> <span class='ocrx_word' id='word_1_454' title='bbox 245 3553 451 3685; x_wconf 40' lang='lat' dir='ltr'><em>mgmdf’ffngdi</em></span> <span class='ocrx_word' id='word_1_455' title='bbox 461 3634 491 3667; x_wconf 89' lang='lat' dir='ltr'><em>se</em></span> <span class='ocrx_word' id='word_1_456' title='bbox 509 3608 686 3686; x_wconf 72' lang='lat' dir='ltr'><em>aegritudini</em></span> <span class='ocrx_word' id='word_1_457' title='bbox 703 3618 853 3689; x_wconf 79' lang='lat' dir='ltr'><em>dederunt]</em></span> <span class='ocrx_word' id='word_1_458' title='bbox 880 3617 1034 3689; x_wconf 80' lang='lat' dir='ltr'><em>dodertsnt,</em></span> <span class='ocrx_word' id='word_1_459' title='bbox 1054 3632 1113 3674; x_wconf 75' lang='lat' dir='ltr'><em>otte</em></span> <span class='ocrx_word' id='word_1_460' title='bbox 1130 3622 1162 3675; x_wconf 82' lang='lat' dir='ltr'><em>in</em></span> <span class='ocrx_word' id='word_1_461' title='bbox 1179 3615 1260 3673; x_wconf 86' lang='lat' dir='ltr'><em>libris</em></span> <span class='ocrx_word' id='word_1_462' title='bbox 1280 3614 1435 3685; x_wconf 77' lang='lat' dir='ltr'><em>veteribus,</em></span> <span class='ocrx_word' id='word_1_463' title='bbox 1454 3631 1523 3683; x_wconf 76' lang='lat' dir='ltr'><em>non,</em></span> 
     </span>
     <span class='ocr_line' id='line_1_45' title="bbox 201 3686 800 3761; baseline 0.008 -20"><span class='ocrx_word' id='word_1_464' title='bbox 201 3686 385 3761; x_wconf 71' lang='lat' dir='ltr'><em>dididerunt,</em></span> <span class='ocrx_word' id='word_1_465' title='bbox 408 3690 562 3748; x_wconf 80' lang='lat' dir='ltr'><em>Lambinus</em></span> <span class='ocrx_word' id='word_1_466' title='bbox 585 3690 724 3755; x_wconf 77' lang='lat' dir='ltr'><em>admonet.</em></span> <span class='ocrx_word' id='word_1_467' title='bbox 795 3742 800 3751; x_wconf 34' lang='lat' dir='ltr'><strong><em>s</em></strong></span> 
     </span>
    </p>
   </div>
   <div class='ocr_carea' id='block_1_6' title="bbox 881 3800 886 3833">
    <p class='ocr_par' dir='ltr' id='par_1_14' title="bbox 881 3800 886 3833">
     <span class='ocr_line' id='line_1_46' title="bbox 881 3800 886 3833; baseline 0 0"><span class='ocrx_word' id='word_1_468' title='bbox 881 3800 886 3833; x_wconf 85' lang='lat' dir='ltr'><em>i</em></span> 
     </span>
    </p>
   </div>
   <div class='ocr_carea' id='block_1_7' title="bbox 618 4062 1112 4133">
    <p class='ocr_par' dir='ltr' id='par_1_15' title="bbox 618 4062 1112 4133">
     <span class='ocr_line' id='line_1_47' title="bbox 618 4062 1112 4133; baseline -0.002 -4"><span class='ocrx_word' id='word_1_469' title='bbox 618 4062 689 4129; x_wconf 86' lang='lat' dir='ltr'><em>IN</em></span> <span class='ocrx_word' id='word_1_470' title='bbox 731 4064 1021 4133; x_wconf 85' lang='lat' dir='ltr'><strong>LIBRUM</strong></span> <span class='ocrx_word' id='word_1_471' title='bbox 1064 4064 1112 4128; x_wconf 91' lang='lat' dir='ltr'><em>V.</em></span> 
     </span>
    </p>
   </div>
   <div class='ocr_carea' id='block_1_8' title="bbox 152 4210 1528 4895">
    <p class='ocr_par' dir='ltr' id='par_1_16' title="bbox 203 4210 1527 4363">
     <span class='ocr_line' id='line_1_48' title="bbox 242 4210 1527 4288; baseline -0.001 -25"><span class='ocrx_word' id='word_1_472' title='bbox 242 4248 248 4263; x_wconf 68' lang='lat'><em>.</em></span> <span class='ocrx_word' id='word_1_473' title='bbox 276 4213 302 4281; x_wconf 60' lang='grc' dir='ltr'><em>ς.</em></span> <span class='ocrx_word' id='word_1_474' title='bbox 321 4219 349 4277; x_wconf 78' lang='grc'><em>5.</em></span> <span class='ocrx_word' id='word_1_475' title='bbox 374 4211 510 4286; x_wconf 81' lang='lat' dir='ltr'><em>Equidem</em></span> <span class='ocrx_word' id='word_1_476' title='bbox 525 4231 574 4266; x_wconf 88' lang='lat' dir='ltr'><em>eos</em></span> <span class='ocrx_word' id='word_1_477' title='bbox 592 4219 686 4284; x_wconf 89' lang='lat' dir='ltr'><em>casus]</em></span> <span class='ocrx_word' id='word_1_478' title='bbox 711 4211 784 4288; x_wconf 88' lang='lat' dir='ltr'><em>apud</em></span> <span class='ocrx_word' id='word_1_479' title='bbox 803 4213 927 4268; x_wconf 86' lang='lat' dir='ltr'><em>Nonium</em></span> <span class='ocrx_word' id='word_1_480' title='bbox 950 4217 981 4271; x_wconf 85' lang='lat' dir='ltr'><em>in</em></span> <span class='ocrx_word' id='word_1_481' title='bbox 1003 4212 1087 4267; x_wconf 82' lang='lat' dir='ltr'><em>verbo</em></span> <span class='ocrx_word' id='word_1_482' title='bbox 1105 4212 1232 4266; x_wconf 78' lang='lat' dir='ltr'><em>Exerceo</em></span> <span class='ocrx_word' id='word_1_483' title='bbox 1251 4210 1367 4283; x_wconf 82' lang='lat' dir='ltr'><em>legitur,</em></span> <span class='ocrx_word' id='word_1_484' title='bbox 1393 4210 1527 4283; x_wconf 78' lang='lat' dir='ltr'><em>Equidem</em></span> 
     </span>
     <span class='ocr_line' id='line_1_49' title="bbox 203 4289 1080 4363; baseline 0.007 -24"><span class='ocrx_word' id='word_1_485' title='bbox 203 4302 280 4341; x_wconf 86' lang='lat' dir='ltr'><em>nteos</em></span> <span class='ocrx_word' id='word_1_486' title='bbox 297 4306 379 4342; x_wconf 78' lang='lat' dir='ltr'><em>tastu</em></span> <span class='ocrx_word' id='word_1_487' title='bbox 399 4289 536 4362; x_wconf 85' lang='lat' dir='ltr'><em>superflua</em></span> <span class='ocrx_word' id='word_1_488' title='bbox 558 4294 745 4363; x_wconf 73' lang='lat' dir='ltr'><em>geminatione</em></span> <span class='ocrx_word' id='word_1_489' title='bbox 764 4289 860 4343; x_wconf 86' lang='lat' dir='ltr'><em>literae</em></span> <span class='ocrx_word' id='word_1_490' title='bbox 882 4309 920 4343; x_wconf 90' lang='lat' dir='ltr'><em>m.</em></span> <span class='ocrx_word' id='word_1_491' title='bbox 1075 4340 1080 4345; x_wconf 92' lang='lat'><em>.</em></span> 
     </span>
    </p>

    <p class='ocr_par' dir='ltr' id='par_1_17' title="bbox 152 4356 1528 4895">
     <span class='ocr_line' id='line_1_50' title="bbox 280 4356 1527 4436; baseline -0.005 -19"><span class='ocrx_word' id='word_1_492' title='bbox 280 4366 293 4417; x_wconf 89' lang='grc'>1</span> <span class='ocrx_word' id='word_1_493' title='bbox 300 4363 370 4418; x_wconf 85' lang='lat' dir='ltr'><em>bid.</em></span> <span class='ocrx_word' id='word_1_494' title='bbox 397 4367 555 4436; x_wconf 80' lang='lat' dir='ltr'><em>Corporum</em></span> <span class='ocrx_word' id='word_1_495' title='bbox 577 4356 720 4418; x_wconf 74' lang='lat' dir='ltr'><em>dulcitius</em></span> <span class='ocrx_word' id='word_1_496' title='bbox 745 4368 945 4434; x_wconf 74' lang='lat' dir='ltr'><em>congruentes]</em></span> <span class='ocrx_word' id='word_1_497' title='bbox 972 4363 1123 4417; x_wconf 79' lang='lat' dir='ltr'><em>Lambinus</em></span> <span class='ocrx_word' id='word_1_498' title='bbox 1150 4367 1179 4416; x_wconf 87' lang='lat' dir='ltr'><em>in</em></span> <span class='ocrx_word' id='word_1_499' title='bbox 1205 4360 1303 4427; x_wconf 82' lang='lat' dir='ltr'><em>verbo,</em></span> <span class='ocrx_word' id='word_1_500' title='bbox 1328 4369 1527 4430; x_wconf 83' lang='lat' dir='ltr'><em>congruentes,</em></span> 
     </span>
     <span class='ocr_line' id='line_1_51' title="bbox 204 4434 1526 4512; baseline -0.003 -21"><span class='ocrx_word' id='word_1_501' title='bbox 204 4438 336 4492; x_wconf 83' lang='lat' dir='ltr'><em>mendum</em></span> <span class='ocrx_word' id='word_1_502' title='bbox 356 4439 468 4493; x_wconf 81' lang='lat' dir='ltr'><em>subesse</em></span> <span class='ocrx_word' id='word_1_503' title='bbox 489 4445 656 4512; x_wconf 83' lang='lat' dir='ltr'><em>suspicatur.</em></span> <span class='ocrx_word' id='word_1_504' title='bbox 695 4442 743 4496; x_wconf 69' lang='lat' dir='ltr'><em>Ait</em></span> <span class='ocrx_word' id='word_1_505' title='bbox 762 4445 835 4493; x_wconf 85' lang='lat' dir='ltr'><em>enim</em></span> <span class='ocrx_word' id='word_1_506' title='bbox 856 4439 1018 4493; x_wconf 86' lang='lat' dir='ltr'><em>Ciceronem</em></span> <span class='ocrx_word' id='word_1_507' title='bbox 1040 4438 1215 4512; x_wconf 85' lang='lat' dir='ltr'><em>significare,</em></span> <span class='ocrx_word' id='word_1_508' title='bbox 1233 4453 1360 4490; x_wconf 83' lang='lat' dir='ltr'><em>naturam</em></span> <span class='ocrx_word' id='word_1_509' title='bbox 1379 4434 1461 4488; x_wconf 92' lang='lat' dir='ltr'><em>nobis</em></span> <span class='ocrx_word' id='word_1_510' title='bbox 1480 4435 1526 4487; x_wconf 89' lang='lat' dir='ltr'><em>de-</em></span> 
     </span>
     <span class='ocr_line' id='line_1_52' title="bbox 152 4509 1526 4588; baseline -0.004 -21"><span class='ocrx_word' id='word_1_511' title='bbox 152 4558 157 4567; x_wconf 92' lang='lat'><em>.</em></span> <span class='ocrx_word' id='word_1_512' title='bbox 203 4510 277 4568; x_wconf 89' lang='lat' dir='ltr'><em>disse</em></span> <span class='ocrx_word' id='word_1_513' title='bbox 297 4519 403 4569; x_wconf 84' lang='lat' dir='ltr'><em>animos</em></span> <span class='ocrx_word' id='word_1_514' title='bbox 426 4531 453 4570; x_wconf 88' lang='lat' dir='ltr'><em>et</em></span> <span class='ocrx_word' id='word_1_515' title='bbox 474 4534 508 4570; x_wconf 82' lang='lat' dir='ltr'><em>ex</em></span> <span class='ocrx_word' id='word_1_516' title='bbox 528 4526 678 4588; x_wconf 87' lang='lat' dir='ltr'><em>corporum</em></span> <span class='ocrx_word' id='word_1_517' title='bbox 700 4513 842 4569; x_wconf 88' lang='lat' dir='ltr'><em>doloribus</em></span> <span class='ocrx_word' id='word_1_518' title='bbox 862 4513 988 4569; x_wconf 84' lang='lat' dir='ltr'><em>dolorem</em></span> <span class='ocrx_word' id='word_1_519' title='bbox 1008 4515 1204 4568; x_wconf 84' lang='lat' dir='ltr'><em>contrahentes</em></span> <span class='ocrx_word' id='word_1_520' title='bbox 1228 4528 1262 4566; x_wconf 83' lang='lat' dir='ltr'><em>ao</em></span> <span class='ocrx_word' id='word_1_521' title='bbox 1286 4509 1472 4587; x_wconf 80' lang='lat' dir='ltr'><em>perferentes,</em></span> <span class='ocrx_word' id='word_1_522' title='bbox 1498 4525 1526 4563; x_wconf 85' lang='lat' dir='ltr'><em>et</em></span> 
     </span>
     <span class='ocr_line' id='line_1_53' title="bbox 204 4586 1528 4667; baseline -0.004 -25"><span class='ocrx_word' id='word_1_523' title='bbox 204 4607 237 4642; x_wconf 81' lang='lat' dir='ltr'><em>et</em></span> <span class='ocrx_word' id='word_1_524' title='bbox 258 4596 331 4657; x_wconf 86' lang='lat' dir='ltr'><em>suis,</em></span> <span class='ocrx_word' id='word_1_525' title='bbox 352 4607 406 4645; x_wconf 87' lang='lat' dir='ltr'><em>cet.</em></span> <span class='ocrx_word' id='word_1_526' title='bbox 429 4596 507 4662; x_wconf 83' lang='lat' dir='ltr'><em>quasi</em></span> <span class='ocrx_word' id='word_1_527' title='bbox 527 4591 657 4659; x_wconf 78' lang='lat' dir='ltr'><em>dixisset,</em></span> <span class='ocrx_word' id='word_1_528' title='bbox 679 4591 924 4667; x_wconf 68' lang='grc' dir='ltr'><strong><em>συναλγοῦντας,</em></strong></span> <span class='ocrx_word' id='word_1_529' title='bbox 954 4606 981 4645; x_wconf 88' lang='lat' dir='ltr'><em>et</em></span> <span class='ocrx_word' id='word_1_530' title='bbox 1002 4586 1244 4666; x_wconf 80' lang='grc' dir='ltr'><strong><em>ουμπάοχοντας</em></strong></span> <span class='ocrx_word' id='word_1_531' title='bbox 1263 4602 1290 4640; x_wconf 85' lang='lat' dir='ltr'><em>os</em></span> <span class='ocrx_word' id='word_1_532' title='bbox 1308 4602 1361 4640; x_wconf 86' lang='lat' dir='ltr'><em>nna</em></span> <span class='ocrx_word' id='word_1_533' title='bbox 1383 4603 1447 4639; x_wconf 84' lang='lat' dir='ltr'><em>oum</em></span> <span class='ocrx_word' id='word_1_534' title='bbox 1467 4604 1528 4640; x_wconf 86' lang='lat' dir='ltr'><em>cor·</em></span> 
     </span>
     <span class='ocr_line' id='line_1_54' title="bbox 203 4664 1527 4740; baseline -0.004 -23"><span class='ocrx_word' id='word_1_535' title='bbox 203 4664 317 4738; x_wconf 88' lang='lat' dir='ltr'><em>poribus</em></span> <span class='ocrx_word' id='word_1_536' title='bbox 336 4664 476 4732; x_wconf 86' lang='lat' dir='ltr'><em>dolentes,</em></span> <span class='ocrx_word' id='word_1_537' title='bbox 495 4682 522 4720; x_wconf 92' lang='lat' dir='ltr'><em>et</em></span> <span class='ocrx_word' id='word_1_538' title='bbox 544 4682 656 4719; x_wconf 84' lang='lat' dir='ltr'><em>sensum</em></span> <span class='ocrx_word' id='word_1_539' title='bbox 674 4671 799 4740; x_wconf 85' lang='lat' dir='ltr'><em>corporis</em></span> <span class='ocrx_word' id='word_1_540' title='bbox 819 4670 1034 4739; x_wconf 58' lang='lat' dir='ltr'><em>participantem</em></span> <span class='ocrx_word' id='word_1_541' title='bbox 1055 4678 1154 4736; x_wconf 82' lang='lat' dir='ltr'><em>quare,</em></span> <span class='ocrx_word' id='word_1_542' title='bbox 1176 4680 1260 4734; x_wconf 88' lang='lat' dir='ltr'><em>quum</em></span> <span class='ocrx_word' id='word_1_543' title='bbox 1277 4680 1343 4727; x_wconf 78' lang='lat' dir='ltr'><em>vox,</em></span> <span class='ocrx_word' id='word_1_544' title='bbox 1363 4679 1527 4730; x_wconf 88' lang='lat' dir='ltr'><em>congruen-</em></span> 
     </span>
     <span class='ocr_line' id='line_1_55' title="bbox 203 4736 1528 4811; baseline -0.004 -18"><span class='ocrx_word' id='word_1_545' title='bbox 203 4749 263 4807; x_wconf 88' lang='lat' dir='ltr'><em>tes,</em></span> <span class='ocrx_word' id='word_1_546' title='bbox 294 4758 352 4795; x_wconf 91' lang='lat' dir='ltr'><em>non</em></span> <span class='ocrx_word' id='word_1_547' title='bbox 378 4741 502 4795; x_wconf 82' lang='lat' dir='ltr'><em>videatur</em></span> <span class='ocrx_word' id='word_1_548' title='bbox 529 4741 603 4795; x_wconf 85' lang='lat' dir='ltr'><em>hono</em></span> <span class='ocrx_word' id='word_1_549' title='bbox 627 4744 795 4795; x_wconf 85' lang='lat' dir='ltr'><em>sententiam</em></span> <span class='ocrx_word' id='word_1_550' title='bbox 826 4745 1026 4811; x_wconf 86' lang='lat' dir='ltr'><em>notionemque</em></span> <span class='ocrx_word' id='word_1_551' title='bbox 1048 4743 1218 4811; x_wconf 81' lang='lat' dir='ltr'><em>exprimere,</em></span> <span class='ocrx_word' id='word_1_552' title='bbox 1249 4737 1325 4790; x_wconf 79' lang='lat' dir='ltr'><em>alind</em></span> <span class='ocrx_word' id='word_1_553' title='bbox 1344 4736 1458 4791; x_wconf 80' lang='lat' dir='ltr'><em>verbnm</em></span> <span class='ocrx_word' id='word_1_554' title='bbox 1481 4738 1528 4789; x_wconf 82' lang='lat' dir='ltr'><em>hie</em></span> 
     </span>
     <span class='ocr_line' id='line_1_56' title="bbox 188 4802 1528 4895; baseline -0.002 -25"><span class='ocrx_word' id='word_1_555' title='bbox 188 4802 350 4872; x_wconf 73' lang='lat' dir='ltr'><em>‘desiderat</em></span> <span class='ocrx_word' id='word_1_556' title='bbox 388 4817 448 4891; x_wconf 80' lang='lat' dir='ltr'><em>Ego</em></span> <span class='ocrx_word' id='word_1_557' title='bbox 467 4816 550 4872; x_wconf 84' lang='lat' dir='ltr'><em>verba</em></span> <span class='ocrx_word' id='word_1_558' title='bbox 569 4816 731 4885; x_wconf 82' lang='lat' dir='ltr'><em>Ciceronis,</em></span> <span class='ocrx_word' id='word_1_559' title='bbox 751 4832 820 4895; x_wconf 61' lang='lat' dir='ltr'><em>quae</em></span> <span class='ocrx_word' id='word_1_560' title='bbox 840 4819 871 4871; x_wconf 85' lang='lat' dir='ltr'><em>io</em></span> <span class='ocrx_word' id='word_1_561' title='bbox 890 4815 1018 4872; x_wconf 83' lang='lat' dir='ltr'><em>omnibns</em></span> <span class='ocrx_word' id='word_1_562' title='bbox 1039 4813 1120 4869; x_wconf 87' lang='lat' dir='ltr'><em>libris</em></span> <span class='ocrx_word' id='word_1_563' title='bbox 1142 4829 1223 4881; x_wconf 82' lang='lat' dir='ltr'><em>sunt,</em></span> <span class='ocrx_word' id='word_1_564' title='bbox 1245 4817 1285 4869; x_wconf 83' lang='lat' dir='ltr'><em>ita</em></span> <span class='ocrx_word' id='word_1_565' title='bbox 1304 4810 1442 4888; x_wconf 78' lang='lat' dir='ltr'><em>eiplioare</em></span> <span class='ocrx_word' id='word_1_566' title='bbox 1460 4829 1528 4867; x_wconf 86' lang='lat' dir='ltr'><em>oon·</em></span> 
     </span>
    </p>
   </div>
   <div class='ocr_carea' id='block_1_9' title="bbox 0 0 1706 5359">
    <p class='ocr_par' dir='ltr' id='par_1_18' title="bbox 0 0 1706 5359">
     <span class='ocr_line' id='line_1_57' title="bbox 0 0 1706 5359; baseline 0 0"><span class='ocrx_word' id='word_1_567' title='bbox 0 0 1706 5359; x_wconf 95' lang='lat' dir='ltr'><em> </em></span> 
     </span>
    </p>
   </div>
  </div>
 </body>
</html>
