3384 5359
729 264 836 333 run,
865 265 914 331 11.
1181 268 1188 363 j
1419 270 1481 337 iss

146 405 320 493 cogitatio
340 409 456 489 pendet
478 427 518 470 ex
538 404 688 482 fortuna,
720 405 795 472 huie
816 405 893 479 uihil
914 415 1020 486 potest
1042 425 1111 470 esse
1133 406 1230 483 eerti3
1264 405 1372 483 uihil¹,
1396 410 1484 494 quod

148 496 367 584 exliidratum
389 501 520 577 habeat,
549 519 785 582 permansurum
807 498 866 563 sibi
889 522 982 563 uuum
1005 499 1121 564 diem’.
1164 502 1247 566 Eum
1270 514 1302 563 tu
1326 503 1483 567 homiuem

147 605 306 671 terreto,
339 593 366 656 si
395 616 488 677 quem
521 593 583 656 eris
610 590 739 668 uaetirs',
772 593 868 655 istis³
897 593 1006 657 nouis
1036 605 1090 657 aut
1119 592 1220 657 exsilii
1251 594 1353 659 minis.
1396 595 1484 661 Mihi

126 707 245 751 ‚vero
276 685 428 771 quidquid
455 686 602 751 acciderit
631 687 662 749 iu
690 665 753 749 iam
780 683 906 768 ingrata
931 686 1079 764 civitate,
1116 708 1155 752 ue
1179 676 1342 775 remiiputl
1353 676 1483 774 (quidem
1555 732 1560 745 ι

153 783 324 857 evenerit,
359 803 422 843 uon
449 783 542 843 ruodo
573 801 634 843 nou
662 766 885 887 remigiani&
931 781 1017 863 Quid
1041 781 1121 844 euim
1144 788 1206 866 ego
1228 780 1393 858 laborari,
1429 797 1484 847 aut

153 876 242 961 quid
270 875 340 959 egi,
375 887 429 937 aut
457 858 491 937 ii
518 896 582 957 quo
610 872 869 956 evigilaverunt⁵
892 896 987 937 curae
1009 888 1040 938 et
1063 875 1275 962 cogitationes
1301 878 1419 955 iueae⁶‚
1455 877 1483 942 si

156 971 290 1053 quidem
318 968 395 1033 nihil
417 970 525 1051 peperi
547 970 628 1045 tale,
664 968 742 1030 nibil
773 962 960 1030 coiisseutu's
989 984 1075 1046 stuu,
1112 982 1148 1034 ut
1175 971 1236 1033 eo⁷
1258 982 1341 1033 statu
1363 993 1483 1049 essem,

157 1084 259 1147 quem
289 1084 390 1146 neque
422 1063 569 1127 fortunae
603 1061 782 1136 temeritas,
819 1063 948 1145 auquel
977 1062 1175 1127 inimieorum
1204 1064 1486 1129 labelaeta'rel‘'iu-

156 1158 268 1223 iuria?
312 1160 363 1222 18.
398 1146 581 1221 Morlemne
611 1156 685 1219 mihi
712 1155 881 1232 minitaris,
902 1168 954 1251 ‚ut
986 1157 1113 1222 omniuo
1140 1160 1180 1220 ab
1204 1157 1404 1233 hominibus;
1443 1181 1486 1224 an

160 1253 331 1327 exsilium,
367 1262 401 1314 ut
423 1253 462 1312 ab
488 1250 641 1331 improbis
672 1248 917 1335 demigrandum
938 1249 1000 1312 sit?
1043 1252 1139 1315 Mors
1166 1253 1315 1317 terribilis
1340 1267 1386 1324 est
1411 1255 1483 1331 iis9,

160 1367 304 1431 quorum
334 1366 403 1407 eum
435 1343 497 1407 vita
524 1344 625 1408 omnia
647 1344 922 1428 exstinguendum⁴
944 1365 1007 1407 uon
1037 1344 1096 1420 iis,
1129 1367 1265 1431 quorum
1291 1348 1358 1410 laus
1385 1348 1488 1431 emori

160 1460 232 1502 nou
263 1450 388 1519 potest:
429 1437 576 1500 'exsilium
609 1449 711 1500 alitem
743 1437 780 1501 iis
796 1440 842 1514 ¹⁰,
880 1437 991 1521 quibus
1032 1438 1121 1523 quasi
1149 1439 1406 1525 circumscriptus
1435 1452 1487 1509 est

159 1531 327 1594 babitandi
355 1531 463 1603 loeus;
500 1552 562 1592 non
593 1531 648 1606 iis,
687 1529 742 1616 qui
770 1552 895 1594 omnem
926 1533 1036 1596 orbem
1067 1544 1222 1597 terrarum
1252 1544 1355 1599 uuam*
1373 1538 1488 1601 urbem
1526 1596 1535 1613 ,

161 1646 237 1687 esse
270 1627 400 1686 ducunt.
446 1626 495 1687 Te
519 1622 680 1698 miseriae,
720 1637 751 1687 te
776 1646 942 1689 aerumnae
967 1639 1113 1708 premunt
1125 1629 1168 1703 ¹¹,
1204 1626 1258 1711 qui
1285 1639 1316 1690 te
1337 1629 1486 1706 beatum,

163 1716 224 1799 qui
245 1717 412 1779 florentem
423 1719 446 1757 ¹²
467 1728 578 1798 putas:
614 1728 685 1780 tuae
708 1718 849 1781 libidines
872 1730 903 1783 te
926 1721 1127 1805 torqueut¹³z
1161 1716 1198 1782 'tu
1221 1720 1287 1784 dies
1309 1733 1484 1806 noctesque

163 1810 338 1882 errieiaris;
373 1809 423 1873 eui
447 1832 505 1872 uec
531 1812 603 1873 satis
622 1812 644 1850 11
673 1823 739 1887 est,
773 1814 860 1897 quod
889 1823 959 1889 est,
994 1824 1026 1874 et
1053 1813 1084 1876 id
1110 1812 1213 1895 ipsum
1224 1815 1247 1855 ¹⁵
1280 1836 1319 1878 ne
1344 1836 1412 1878 -uou
1444 1813 1488 1879 sit

165 1901 348 1965 diuturnum
381 1904 519 1966 futurum
535 1905 561 1944 ¹⁶
599 1905 708 1967 times:
746 1905 1025 1985 teffeouscieutiae
1060 1907 1222 1971 stimulaui
1256 1908 1484 1975 maleficiorum

163 2006 315 2059 tuorum:
353 2008 383 2059 te
413 2009 513 2073 metus
543 1998 720 2061 exanimant
735 1999 761 2038 ¹⁷
788 1998 978 2063 iudiciorum
1003 2011 1098 2085 atque
1123 2000 1258 2089 legum:
1294 2022 1485 2113 quoeunque

166 2090 360 2173 adspexisti,
394 2102 428 2153 ut
449 2090 583 2167 suriae,
604 2091 648 2154 sie
672 2104 742 2154 tuae
763 2089 821 2153 tibi
844 2105 1017 2156 occurrunt
1042 2094 1192 2171 iniuriae,
1228 2116 1307 2179 quae
1329 2110 1360 2160 te
1382 2097 1488 2180 respi-

164 2185 274 2246 rare*ll
296 2206 359 2248 nou
386 2184 502 2248 sinunt.
554 2186 606 2248 to.
641 2186 856 2266 Quamobrem
888 2197 923 2249 ut
951 2184 1101 2269 improbo
1127 2200 1157 2251 et
1181 2190 1284 2269 stulto¹
1303 2201 1335 2253 et
1356 2191 1485 2255 inerti¹⁹

166 2278 282 2342 nemini
304 2280 382 2341 bene
407 2299 477 2343 esse
498 2262 625 2359 potest)
663 2278 708 2342 sie
736 2280 839 2342 bouus
869 2278 919 2342 vir
951 2291 983 2343 et
1009 2280 1105 2345 fortis
1136 2292 1168 2345 et
1195 2284 1320 2364 sapiens
1334 2285 1360 2325 11
1390 2284 1487 2349 miset·

167 2392 237 2434 esse
266 2393 328 2433 oon
342 2374 369 2413 ²¹
396 2383 516 2453 potest.
560 2374 628 2435 Nec
659 2395 759 2449 vero,
796 2372 884 2436 euius
912 2372 1205 2462 virtusiuoresque
1227 2376 1373 2439 laudandi
1391 2389 1484 2456 suut,

167 2465 235 2527 eius
258 2485 321 2528 non
343 2466 494 2528 laudanda
517 2466 681 2529 vita'est:
718 2488 820 2550 neque
848 2478 950 2548 porro
978 2464 1130 2551 fugienda
1157 2468 1274 2547 viiaw,
1309 2490 1388 2552 quae
1417 2470 1486 2533 lau·

166 2558 268 2619 danda
290 2569 350 2621 est.
394 2559 489 2621 Esset
508 2570 610 2622 aruem
639 2558 806 2644 fugienda,
834 2560 862 2623 si
883 2571 966 2624 esset
987 2561 1113 2624 misera.
1157 2563 1371 2641 Quamobrem
1392 2562 1487 2650 quid-

166 2649 244 2735 quid
276 2662 324 2711 est
353 2651 526 2732 laudabile,
561 2652 644 2715 idem
676 2664 708 2715 et
740 2654 866 2717 beatum
898 2663 930 2716 et
953 2654 1072 2719 floreos
1094 2666 1127 2720 et
1148 2658 1358 2742 expetendum
1382 2656 1483 2724 videri
1569 2660 1573 2673 ⁴

166 2744 312 2807 debet²³.
765 2800 769 2809 .

242 2875 280 2951 (1)
298 2907 337 2920 -
355 2877 473 2950 nihilque
493 2899 519 2953 p.
540 2895 564 2933 a.
585 2881 638 2933 Cr.⁴
653 2880 694 2933 Μ.
714 2880 772 2933 Ma.
794 2883 822 2932 L.
842 2881 874 2934 Pt
911 2879 950 2955 (²)
976 2880 1024 2935 sie
1042 2868 1076 2949 B.
1096 2885 1159 2938 Bas.
1179 2885 1237 2938 vM.
1257 2904 1284 2959 p.
1304 2887 1336 2937 V.
1356 2892 1383 2946 5.
1404 2884 1487 2958 Seqq.

165 2952 220 3004 sibi
238 2953 347 3022 quidem
366 2973 449 3006 uuum
468 2956 496 3008 d.
516 2971 540 3008 a.
569 2983 606 2997 -
624 2956 678 3005 sibi
696 2955 806 3027 quidem
829 2973 864 3007 ue
889 2975 973 3010 imum
998 2958 1071 3009 diem
1090 2958 1135 3012 Cr.
1155 2960 1197 3012 M.
1224 2986 1263 3004 -
1281 2960 1386 3012 sibine
1404 2977 1488 3012 riuum

164 3027 275 3100 quidem
294 3027 322 3081 d.
342 3030 451 3085 Ma..P.
470 3030 579 3080 -sibi
598 3048 647 3081 nee
665 3049 748 3081 uiritim
766 3030 793 3083 d.
814 3031 846 3084 L.
885 3029 923 3105 (³)
944 3034 991 3089 Sic
1011 3031 1080 3087 Cdd.
1100 3033 1197 3107 pleriq.
1216 3052 1244 3108 p.
1261 3037 1292 3088 V.
1311 3035 1342 3089 P.
1356 3039 1383 3095 5.
1403 3035 1486 3109 Seqq.

166 3132 203 3146 -
223 3104 380 3155 istiusmodi
398 3103 467 3160 Cdd.
488 3105 551 3178 aliq.
574 3120 598 3159 a.
620 3106 666 3159 Cr.
686 3106 729 3160 Μ.
749 3107 809 3159 Ma.
829 3106 861 3161 L.
908 3107 946 3182 (1)
975 3139 1013 3156 -
1026 3126 1088 3161 'riou
1106 3110 1188 3162 modo
1210 3127 1328 3180 repages.
1355 3114 1383 3165 P.
1403 3112 1487 3167 Grut.

166 3178 246 3251 prob.
280 3181 420 3233 liueliero.
478 3181 520 3247 (⁵)¹
545 3198 584 3233 ⁸:
614 3182 789 3249 evigilarunt
820 3182 853 3236 V.
910 3184 949 3253 (ὅ)
980 3205 1020 3242 =
1049 3202 1133 3236 curae
1163 3203 1240 3236 meae
1270 3193 1298 3236 et
1328 3203 1394 3255 cogi
1422 3189 1488 3243 Bas.

165 3251 206 3319 (1)
237 3281 276 3294 -
294 3259 372 3313 utin
392 3273 424 3306 eo
443 3258 489 3310 Cr.
508 3256 549 3308 M.
570 3254 641 3310 Ma.'
680 3254 718 3330 (1)
750 3272 788 3310 aso
807 3276 857 3310 uec
875 3258 908 3313 B.
959 3260 997 3330 (9)
1027 3290 1066 3303 -
1084 3259 1318 3329 demigrandum?
1349 3262 1393 3313 Sit
1412 3279 1489 3316 mors

166 3327 305 3379 terribilis
323 3333 360 3381 iis
378 3348 406 3403 p.
425 3334 460 3384 V.
488 3336 546 3397 (-
563 3349 639 3383 mors
658 3332 793 3383 terribilis
811 3342 854 3385 eit
872 3339 923 3400 iis,
943 3354 1060 3406 quorum
1078 3336 1140 3385 iaus
1157 3341 1245 3387 emori
1259 3344 1364 3408 potest.
1391 3344 1489 3392 neseio

145 3420 222 3474 ,quo
242 3420 334 3457 errore
355 3408 413 3459 Ma.
440 3411 583 3465 :emori
602 3406 737 3474 larisE.)
787 3406 837 3481 (¹⁰)
870 3408 917 3463 Sic
935 3411 968 3465 B.
989 3414 1043 3467 Ga.
1063 3407 1126 3485 (a.)
1150 3410 1182 3464 L.
1202 3411 1232 3464 P.
1252 3440 1290 3454 -
1310 3415 1365 3466 iliis
1384 3415 1488 3468 Ceteri.

164 3477 236 3531 {atri
262 3478 408 3554 elegantia.
440 3479 583 3557 (terribile
601 3482 657 3533 illis
676 3500 690 3534 e
710 3482 792 3555 gloss.
812 3501 840 3556 p.
861 3488 904 3553 (a.
924 3503 1008 3557 quaes
1038 3486 1162 3538 terribile
1180 3483 1252 3552 liis.)
1280 3489 1327 3543 cr.
1347 3489 1390 3543 M.
1409 3489 1467 3542 Ma.

165 3555 219 3620 (11)
247 3570 285 3608 ee
306 3565 438 3628 premunt
463 3575 557 3610 omues
581 3555 650 3612 cdd.
676 3557 741 3629 aliq.
761 3576 788 3631 p.
809 3559 856 3612 Cr.
876 3562 910 3615 V.
929 3562 970 3615 M.
992 3565 1050 3618 Me.
1071 3561 1103 3615 L.
1123 3564 1152 3617 P.
1182 3557 1258 3632 (non
1277 3565 1309 3618 B.
1329 3564 1393 3618 aas.
1413 3567 1468 3619 Gn.

94 3632 101 3643 '
167 3626 221 3697 (11)
239 3646 277 3682 ω
295 3637 341 3701 qui
356 3641 387 3683 te
398 3633 434 3702 fl.
453 3635 485 3687 B.
505 3632 568 3686 Bas.
589 3635 633 3686 Cr.
652 3633 694 3686 M.
714 3634 772 3686 Ma.
793 3633 825 3687 L.
846 3637 876 3688 P.
895 3641 966 3698 (non
986 3640 1040 3693 Gn.
1060 3655 1087 3708 p.
1109 3636 1143 3690 V.
1159 3640 1188 3696 5.
1207 3637 1303 3710 Seqq.)
1321 3667 1360 3681 -
1377 3640 1488 3692 beatum

158 3705 361 3777 florentemque
381 3706 477 3762 Duisb.
516 3707 630 3776 (Paullo
659 3724 738 3762 aute:
770 3716 797 3759 ie
820 3726 987 3775 aerumnae,
1015 3720 1148 3785 proruunt
1165 3720 1193 3763 te
1212 3719 1341 3777 miseriae
1359 3717 1391 3768 fl.
1410 3715 1488 3782 Gu.)

160 3776 215 3853 (¹³)
243 3790 366 3834 :tuae
393 3790 420 3834 te
446 3784 493 3836 lib.
517 3784 549 3836 L.
578 3810 612 3825 -
633 3790 661 3833 te
681 3791 746 3834 tuae
765 3782 812 3837 ui.
838 3783 909 3840 Cdd.
929 3787 1051 3841 Manutii
1072 3803 1099 3841 et
1118 3788 1283 3855 Goerenzii,
1312 3791 1365 3843 boe
1390 3788 1486 3861 prob„
1533 3828 1537 3835 .

161 3855 212 3908 sed
233 3871 331 3909 eomra
350 3857 405 3909 loci
428 3876 505 3912 veros
531 3873 673 3911 accentui.
703 3863 758 3925 (—
777 3867 843 3909 tuae
868 3859 915 3914 lib.
943 3869 1108 3934 torquentur
1133 3859 1282 3918 falsissima
1307 3864 1391 3917 lectio
1417 3862 1489 3919 cdd.
1555 3880 1560 3907 1

162 3930 229 4001 aliq.
249 3930 283 3984 V.
303 3933 333 3985 P.
372 3933 455 3988 Mox:
489 3961 525 3976 -
550 3942 648 3985 noctes
666 3942 694 3985 et
713 3933 780 3985 diee'
797 3935 865 4001 Gn.)
917 3937 966 4004 (11)
1000 3939 1048 3992 Sie
1070 3937 1141 3999 031.
1166 3939 1199 3991 B.
1219 3944 1281 3995 Bar.
1301 3939 1356 3994 Gru
1377 3938 1426 3994 Cr.
1444 3938 1488 3993 M.

161 4005 223 4058 Ma.
249 4007 280 4059 P.
305 4008 340 4059 ll.
372 4037 408 4050 -
432 4018 478 4061 eat
501 4007 612 4075 Ceteri,
644 4014 730 4062 etiam
755 4028 783 4084 p.
802 4009 852 4073 V.‚
883 4008 911 4062 id
937 4011 1009 4083 quod
1036 4018 1065 4066 io
1084 4015 1218 4067 Cieeroue
1244 4012 1420 4069 tribuendum
1444 4028 1489 4069 est

99 4112 103 4128 .
159 4079 333 4153 compendio
352 4082 418 4148 κε’,
448 4083 523 4156 quod
542 4083 622 4138 video
642 4088 671 4137 in
691 4087 753 4138 Bas.
805 4082 855 4157 (¹⁵)
888 4110 926 4128 ··-
944 4087 976 4139 id
999 4093 1104 4160 ipsum,
1132 4087 1205 4158 qiiod
1222 4086 1306 4141 debes
1331 4092 1393 4144 Bas.
1414 4108 1443 4163 p.
1461 4103 1487 4145 a.

162 4153 211 4208 Cr.
239 4158 280 4209 Μ.
307 4161 365 4212 Ma.
390 4176 405 4213 e
430 4160 515 4231 gloss.
564 4158 615 4226 (¹⁶)
647 4159 696 4213 Sie
721 4160 793 4218 061.
821 4162 851 4213 B.
880 4162 941 4216 Ber.
968 4164 1024 4218 Gn.
1044 4182 1073 4236 p.
1092 4162 1140 4216 Cr.
1160 4164 1198 4215 V.
1217 4164 1336 4219 Mida.
1367 4192 1406 4207 -·
1430 4181 1489 4221 om.

154 4226 296 4300 futurum
323 4233 354 4286 L.
384 4234 416 4288 P.
445 4234 529 4308 Seqq.
567 4237 661 4289 Potest
682 4251 777 4288 ortum
794 4234 882 4289 rideri
911 4242 1148 4310 egeminatioue3
1179 4236 1228 4292 sed
1253 4242 1284 4292 in
1309 4257 1338 4294 re
1365 4255 1489 4313 spectata

164 4319 207 4359 est
225 4304 312 4359 lectio
331 4307 457 4378 elegans,
487 4325 539 4362 nee
557 4307 639 4364 facile
657 4309 779 4364 librariis
800 4309 960 4375 tribuenda,
992 4317 1166 4386 quinetiam
1185 4303 1322 4385 furiarum
1346 4314 1490 4371 absorberi

185 4395 273 4437 oteret
293 4397 309 4433 a
329 4384 468 4438 similibus
488 4383 619 4439 ductibus
644 4405 667 4439 v.
687 4386 858 4441 diuturnum.
889 4413 927 4431 ι-
952 4405 1007 4442 om.
1032 4407 1089 4442 nou
1113 4386 1273 4461 Cddealiq.
1312 4392 1384 4443 Hine
1403 4388 1489 4445 falsae

163 4398 299 4509 licum
315 4457 361 4512 L.:
381 4488 420 4503 -
435 4469 466 4512 ui
483 4460 645 4515 diutieruum
664 4468 717 4525 sii,
738 4477 766 4515 et
779 4463 825 4515 P.:
844 4489 883 4506 ·-
902 4470 933 4513 nt
950 4481 1007 4515 raon
1025 4473 1065 4518 sii
1083 4465 1251 4519 diuturnum.
1290 4462 1340 4539 (¹⁷)
1359 4480 1396 4517 ω
1415 4484 1491 4518 αα-
1517 4510 1520 4515 .

164 4534 256 4582 nimai
282 4533 341 4586 vM.
363 4536 392 4587 L.
414 4535 444 4589 P.
484 4535 593 4589 Ptaeer:
625 4554 649 4589 r.
675 4545 766 4589 metris
790 4540 835 4589 vir
860 4534 925 4591 alibi
953 4538 1052 4611 plurali
1075 4554 1153 4595 num.
1172 4539 1244 4613 apud
1264 4542 1323 4593 cie.
1344 4545 1490 4613 reperitur.

164 4602 284 4730 (¹⁸),-
302 4612 446 4678 einpirare
471 4612 534 4666 Bas.
560 4629 588 4682 p.
606 4624 632 4664 a.
652 4612 683 4666 V.
715 4639 751 4654 -
769 4617 898 4681 aspirare
924 4614 956 4667 P.
984 4621 1149 4689 -spirare
1167 4616 1223 4671 Gu.
1261 4614 1344 4669 Mox:
1373 4632 1412 4670 τ..-
1430 4633 1489 4669 eise

185 4698 234 4731 me
253 4682 285 4734 B.
305 4683 359 4737 Gn.
410 4684 528 4752 (19)-
546 4687 632 4741 sicelio
650 4691 786 4757 inertique
810 4687 875 4742 Bae.
921 4688 974 4756 (11)
1002 4710 1041 4748 =
1057 4698 1087 4749 ei
1103 4695 1231 4761 sapiens,
1260 4687 1398 4759 risoriis
1416 4708 1443 4764 p.
1463 4705 1490 4746 a.

166 4754 201 4809 V.
239 4753 292 4831 (²¹)
318 4774 355 4811 ω
374 4777 454 4813 nemo
473 4762 505 4814 B.
527 4762 580 4815 Gu.
601 4781 628 4833 ρ.
648 4778 673 4815 a.
691 4762 738 4817 Cr.
758 4764 791 4815 V.
812 4762 852 4815 M.
874 4763 933 4817 Ma.
971 4765 1036 4819 Nou
1062 4768 1142 4819 male.
1187 4765 1237 4832 (11)
1265 4780 1302 4818 ω
1319 4770 1383 4816 vita
1401 4774 1444 4819 ese
1463 4784 1491 4839 p.

168 4843 195 4883 1.
213 4830 248 4886 V.
271 4833 303 4886 P.
343 4834 394 4901 (11)
413 4851 451 4889 ee
469 4836 546 4887 decet
564 4840 627 4891 Bas.
646 4854 709 4891 euro
732 4838 836 4891 multis.
856 4855 883 4911 p.
902 4843 934 4892 V.
958 4838 1015 4914 (-
1033 4840 1215 4912 eupolemum
1233 4840 1346 4892 videtur
1365 4837 1417 4917 B.)
