3384 5359
584 522 939 665 urrunnu<
981 562 1066 660 Αἰ)

287 720 801 810 Tuscunauuaum
845 694 1413 851 btsruramouuiu.

741 870 909 959 nuti.
1100 850 1141 882 ⁸

164 964 1484 1137 anauniauiuumnuri

469 1189 560 1261 nn
603 1188 840 1264 statu
891 1188 1181 1283 animan

625 1326 759 1379 LlBEll
778 1325 1025 1382 SECUNDUS.

676 1616 760 1689 CA
783 1618 827 1683 P.
871 1618 972 1682 VII.

249 1728 401 1816 Paganis
422 1727 534 1793 subur
554 1728 698 1797 testibus
718 1732 831 1794 nutias
853 1729 890 1793 in
910 1730 1028 1794 anima
1048 1750 1232 1814 corporeas
1253 1751 1327 1797 esse
1348 1753 1484 1799 mensu·
1559 1798 1565 1809 ,

162 1845 243 1901 ras,
268 1824 322 1887 uel
338 1824 463 1889 localia
479 1824 649 1907 pondera.
1546 1838 1573 1857 '¹

250 1919 313 1980 Scd
336 1916 483 2001 quoniam
506 1937 589 1979 nituc
612 1929 732 1999 teutptus
755 1919 839 1982 aliud
861 1928 929 1993 eat,
954 1941 1047 2004 quant
1069 1930 1105 1982 ut
1126 1920 1165 1982 de
1180 1912 1374 2004 quaestionis
1388 1920 1481 1984 huius

76 2000 118 2029 ‘⁸
161 2009 408 2096 praeeminentia
424 2008 585 2092 copiosius
600 2008 811 2092 disputemus,
836 2022 955 2075 tantum
978 2010 1098 2075 scilicet
1119 2011 1150 2075 in
1172 2012 1220 2074 bia
1236 2025 1376 2077 moratus
1396 2035 1478 2092 sum,

162 2118 312 2193 quantum
335 2103 541 2186 prudentibus
563 2103 640 2167 satis
662 2104 821 2182 arbitror,
853 2107 959 2190 quoad
988 2098 1079 2188 plene
1107 2117 1303 2191 cogposcant
1325 2106 1426 2171 nullas
1448 2106 1480 2170 in

162 2199 265 2264 anima
285 2218 460 2280 corporeas
483 2218 553 2261 esse
575 2218 753 2277 mensuras,
775 2199 826 2262 vel
848 2198 962 2263 localia
984 2200 1146 2281 pondera,
1174 2199 1384 2283 velpartium
1406 2210 1498 2283 spa·'

161 2293 226 2369 iia;
249 2295 306 2356 sed
326 2293 403 2354 illud
425 2293 465 2354 ab
486 2311 523 2354 ea
544 2290 687 2374 percipi,
711 2294 801 2375 quod
822 2314 883 2356 nec
902 2292 991 2355 locus
1014 2291 1115 2374 capit,
1140 2313 1197 2355 nec
1218 2294 1343 2375 pondus
1358 2304 1480 2369 moret,

163 2409 225 2452 nec
243 2384 359 2450 divisio
382 2383 504 2448 minuit.
548 2385 653 2449 Modo
675 2397 729 2463 tu,
746 2385 876 2448 arbiter
897 2387 1008 2459 docte,
1032 2384 1241 2467 probaveris¹
1263 2384 1376 2448 iustam
1399 2407 1480 2470 gna·

161 2503 219 2561 ros
235 2479 329 2551 ferre
350 2477 551 2565 sententiam,
582 2498 662 2541 anne
683 2475 725 2540 sit
745 2478 856 2557 locus,
880 2479 966 2564 quod
979 2477 1113 2541 illocale
1134 2477 1266 2560 recipit,
1281 2500 1328 2542 ‘an
1350 2479 1482 2562 partile,
1558 2486 1560 2493 '

160 2576 250 2661 quod
272 2571 371 2636 secari
393 2572 518 2656 nequit,
554 2591 593 2634 an
616 2571 844 2647 mensurabile,
876 2571 965 2656 qttod
990 2569 1143 2633 inlinitum
1173 2571 1272 2653 capit.
1319 2572 1414 2635 Nunc
1442 2575 1483 2637 ad

160 2668 343 2733 Philolaum
364 2667 502 2742 redeat,
534 2686 552 2728 a
575 2685 640 2749 quo
664 2666 779 2728 dudum
802 2685 919 2751 magno
941 2663 1111 2729 intervallo
1134 2663 1293 2750 digressus
1314 2684 1404 2742 sitm,
1428 2665 1484 2750 qui

38 2810 43 2819 .
160 2760 193 2825 in
208 2761 303 2826 tertio
320 2760 515 2826 voluminum
531 2759 720 2846 quaerrepi³
738 2757 880 2845 ῥυθμῶν
898 2761 954 2823 καὶ
969 2761 1096 2846 μέτρων
1112 2770 1299 2841 praenotat,
1324 2762 1363 2823 de
1381 2759 1484 2825 anima
1562 2772 1567 2781 '

160 2857 294 2920 humana
316 2854 362 2919 sic
382 2853 545 2942 loquitur:
569 2852 699 2919 Anima
714 2849 848 2914 inditur
863 2850 1003 2934 corpori
1016 2872 1083 2936 per
1099 2873 1280 2916 numerum
1293 2864 1326 2916 et
1340 2852 1482 2916 immor·

161 2952 267 3014 talem
287 2948 493 3032 eandemque
513 2946 767 3029 incorporalem
784 2943 1064 3008 convenientiam.
1107 2945 1188 3009 Item
1206 2957 1280 3029 post
1295 2945 1373 3008 alia:
1397 2944 1482 3009 aiiii

74 3074 83 3087 ·
159 3042 259 3127 gitur
271 3061 397 3124 corpus
410 3041 453 3103 ab
467 3039 603 3115 αηίιηα,
626 3036 710 3123 quia
723 3037 797 3112 sine
813 3057 854 3101 eo
869 3057 938 3102 non
947 3050 1065 3121 potest
1084 3038 1137 3102 uti
1153 3039 1322 3104 sensibus.
1341 3033 1346 3039 ’
1365 3041 1399 3104 A
1405 3042 1482 3123 'prio
1504 3074 1511 3083 ·

156 3145 342 3219 postquam
364 3144 473 3196 morte
494 3132 643 3195 deducto
663 3142 732 3208 est,
763 3130 840 3214 ogit
868 3128 905 3193 in
933 3131 1061 3227 mundo
1088 3132 1338 3216 incorporalem
1358 3130 1480 3209 uuam.

87 3237 101 3257 ’·
139 3229 237 3291 7Νοι]
262 3247 327 3310 ego
348 3246 432 3289 nitnc
453 3224 611 3289 rationum
633 3225 788 3288 tramitem
810 3224 865 3288 eti
880 3225 1125 3288 nexuosissimas
1144 3224 1360 3309 quaestionum
1380 3222 1482 3289 minu·

161 3319 223 3384 tias
245 3321 400 3396 revolvo,
431 3319 546 3403 qitibns
566 3320 646 3381 baec
666 3315 865 3400 probabilia,
897 3338 962 3402 quo
983 3318 1075 3381 voles
1107 3317 1334 3392 adversante‘,
1365 3316 1482 3383 Pbilo·
1559 3388 1566 3415 Ι

235 3509 429 3569 Claudiani
448 3510 619 3565 Mamerti
645 3508 714 3561 baec
739 3512 830 3580 eapite
850 3526 935 3581 qnam
952 3512 1112 3564 contineant
1131 3506 1263 3580 quaedam
1281 3514 1354 3564 scitu
1373 3507 1480 3583 dignis-

159 3592 231 3642 sima
249 3603 372 3657 reserum
392 3584 426 3651 de
446 3584 540 3638 enimi
558 3583 659 3657 placita
678 3583 726 3636 hic
744 3600 868 3655 repetere
888 3589 976 3637 visum
1002 3599 1054 3638 est.
1097 3580 1277 3650 bacrionem,
1304 3584 1393 3656 quoad
1420 3590 1481 3640 eins

159 3662 219 3717 fieri
239 3664 347 3737 potuit,
364 3659 549 3735 probabiliter
565 3662 699 3712 constitui
719 3659 895 3713 eMoeellani
909 3655 998 3733 (M.),
1018 3659 1124 3715 Bartbii
1138 3658 1215 3736 (B.),
1235 3676 1262 3712 et
1273 3658 1404 3713 Gallandi
1417 3659 1481 3734 (G.)

160 3736 330 3792 editionibus
356 3752 439 3808 atque
459 3732 568 3789 Sebotti
595 3731 651 3809 (S)
677 3730 912 3788 adnotationibus.
958 3736 1134 3806 Quamquam
1160 3733 1324 3788 difficillima
1344 3753 1349 3763 ¹
1370 3751 1482 3809 crsaepe

159 3830 203 3867 res
224 3830 264 3867 cst
284 3811 404 3867 indicare
432 3808 466 3863 de
491 3808 625 3863 eiusmodi
652 3811 821 3880 scriptorum
846 3823 874 3862 et
899 3807 1004 3877 verbis,
1031 3826 1058 3864 et
1084 3804 1239 3865 sententiis.
1284 3754 1379 3880 Quid?
1405 3808 1480 3883 qnod

159 3887 276 3942 barbara
295 3905 322 3941 et
342 3888 452 3941 solocca
473 3888 502 3938 in
522 3886 565 3938 bie
585 3882 657 3937 band
678 3898 741 3936 raro
759 3889 964 3957 potiorasunt.
1010 3883 1043 3938 Id
1069 3901 1175 3940 tantum
1201 3884 1417 3959 meridiandum,
1444 3902 1480 3938 nc

159 3961 294 4030 ddirent,
313 3981 348 4016 ne
368 3965 517 4015 insaniant.
737 4010 739 4021 ‚

235 4040 273 4107 (¹)
291 4043 338 4095 sic
357 4036 412 4092 SG.
426 4033 636 4105 —probaheris
650 4034 715 4087 ΜΒ.
753 4033 790 4098 (²)
810 4032 878 4087 scii.
898 4032 957 4086 Lib.
978 4041 1005 4100 2,
1025 4037 1051 4094 5.
1090 4031 1274 4104 Pythagorae
1292 4037 1394 4101 igion,
1412 4038 1479 4105 qteia

158 4113 231 4167 attii
246 4120 304 4185 ipse
323 4116 537 4184 scriptitaverit,
558 4108 784 4184 (scriptitaverat
796 4108 908 4161 Boeckb
922 4108 1065 4164 Philolaus
1071 4126 1104 4234 p.
1116 4106 1193 4181 28),
1212 4128 1232 4161 a
1247 4115 1372 4181 posteris
1390 4128 1479 4180 qeme-

158 4190 247 4242 renda
265 4192 404 4243 sententia
422 4193 474 4238 est.
511 4183 660 4256 inquibus
677 4183 726 4235 vel
738 4189 915 4254 potissimum
926 4184 1059 4255 floruisse
1094 4182 1227 4236 minimam
1242 4189 1351 4256 reperio
1363 4183 1480 4237 Taren-

159 4271 264 4331 tinum,
282 4269 328 4337 qui
347 4262 444 4314 multis
461 4260 647 4313 vohsmirtr'bus
667 4258 700 4309 de
720 4258 912 4327 intelligendis
930 4259 1027 4324 rebus,
1047 4259 1156 4329 et'quid
1168 4274 1286 4330 pisasque
1303 4257 1478 4331 significent,

158 4341 259 4412 oppido
278 4340 392 4392 obscure
411 4336 584 4400 dissertans,
600 4340 764 4408 priusquam
783 4334 824 4385 de.
836 4340 946 4385 animae
964 4334 1124 4389 substantia
1144 4334 1292 4399 dicernat,
1313 4334 1346 4385 de
1365 4352 1480 4386 prensu-

158 4422 215 4480 ris‚
240 4412 411 4487 ponderibus
435 4421 463 4463 et
487 4415 625 4477 arsamis,
641 4414 736 4460 iuxta
760 4413 975 4477 geometricant,
1005 4413 1138 4460 rnusimm
1163 4408 1480 4480 atque·arithmeticam

157 4491 277 4562 mirifice
298 4490 439 4562 disputat,
462 4504 515 4557 per
534 4485 715 4543 haecomnia
733 4489 893 4536 universum
912 4489 1053 4536 exstitisse
1072 4482 1260 4556 confirmans,¹
1287 4485 1330 4536 illi
1347 4484 1480 4537 uidelicet

157 4573 314 4637 scripturae
324 4567 511 4627 consemiens,
532 4580 587 4632 qna
600 4561 663 4613 Deo
677 4559 796 4611 dicitius
811 4574 949 4624 mensma,
968 4559 1090 4631 pondere
1102 4574 1131 4612 et
1147 4576 1261 4612 numero
1278 4564 1372 4612 omnia
1387 4557 1481 4632 dispo·

158 4647 248 4695 suisti.
269 4640 350 4715 (Sap.
373 4644 423 4703 11,
445 4633 505 4709 21.)
550 4635 587 4702 (³)
613 4666 651 4680 -
670 4652 726 4694 om.
746 4630 814 4709 περὶ
832 4635 874 4687 Μ.
894 4635 1008 4688 boeckb
1028 4634 1046 4687 l.
1066 4634 1086 4687 i.
1106 4635 1172 4687 ΜΒ.
1193 4634 1318 4687 scribunt
1338 4633 1483 4713 polipus,

158 4716 229 4769 unde
249 4715 363 4769 Boeclb
385 4734 411 4786 p.
432 4719 478 4773 33.
495 4709 625 4776 dubitat,
649 4728 685 4781 ne
709 4710 762 4782 leg.
788 4713 840 4762 sit:
866 4725 905 4761 eo
923 4707 1079 4786 ἀριθμῶν.
1119 4714 1155 4775 (⁴)
1176 4724 1214 4761 so
1228 4726 1281 4780 per
1300 4709 1336 4763 G.
1374 4707 1411 4774 (⁵)
1432 4707 1480 4763 Sic

160 4791 210 4843 cd.
230 4791 257 4845 S.
280 4790 319 4845 G.
363 4791 466 4844 Sensus
486 4803 544 4852 eat,
569 4802 731 4857 quocunqne
758 4783 935 4843 adversatura
962 4788 1085 4856 qimmris
1111 4784 1152 4837 vel
1179 4784 1356 4837 callidissime
1382 4784 1480 4857 aliquit

76 4934 80 4941 .
160 4865 328 4922 adversetur.
348 4895 384 4907 -
403 4863 478 4936 quod
492 4864 571 4920 voles
592 4861 770 4932 adversante.
782 4860 824 4915 Μ.
844 4857 967 4914 Boeclsb.
986 4889 1022 4903 -
1041 4859 1114 4931 quod
1130 4859 1208 4912 voles
1226 4859 1391 4913 adversanti
1408 4860 1443 4916 B.

1105 5084 1116 5114 i
