3384 5359
535 288 813 389 00000000.
835 289 902 356 uu
925 289 1122 359 auscuc.
1428 292 1513 360 sut·

239 427 353 504 opifices
372 444 440 503 post
462 432 596 498 mortem]
614 428 732 503 opifices
747 435 833 484 etiarn
842 438 910 502 post
930 439 1049 490 mortem
1068 430 1143 489 Med.
1159 432 1220 489 tid.
1241 431 1273 490 St
1331 433 1432 495 .Ccl.;
1448 431 1498 489 sed

156 510 253 559 etiarn
272 504 349 559 deest
370 509 445 560 lunt.
465 509 571 558 eteius
591 505 656 559 loco
677 502 724 561 dat
744 506 824 560 Scur.
841 508 925 560 Mox:
945 507 1142 560 cumscribere
1162 506 1239 563 Med.
1258 527 1290 564 so
1303 526 1328 563 a.
1364 511 1425 583 Ego
1439 523 1499 564 ma·

156 580 241 708 littal:l
263 579 340 651 Quid
362 586 437 635 enirn
463 579 602 633 Phidias?
626 580 700 650 (scil.
728 586 801 655 egit,
828 598 877 636 seu
902 585 1057 652 instituitl)
1084 601 1176 637 nonne
1198 590 1244 637 sue·
1267 586 1386 637 similem
1404 614 1443 629 -
1467 598 1499 642 ut
1594 653 1596 664 ἁ

203 676 219 710 0
244 674 259 709 0
300 674 353 710 ost.

156 672 201 733 P·
240 675 297 785 uidaJ
316 729 467 802 cesserint]
484 737 629 782 cesserunt
641 726 718 784 Med.
733 731 811 787 seur.
825 730 888 788 Ald.
907 729 1006 806 Steph.
1025 731 1087 804 Col.
1099 713 1235 786 cesserint
1254 732 1330 787 lunt.

203 810 282 864 Car.
304 810 349 867 16.
375 804 528 878 ignoratio]
547 810 715 871 ignorantia
735 806 811 864 Med.
829 807 900 862 sola.

240 899 343 957 persp.
357 900 380 935 ι.
394 898 442 935 ιιι.
457 881 574 953 asperis]
591 899 642 948 per
653 869 801 951 esttrencas
812 889 922 954 asperis
935 890 1065 935 streeetas
1081 887 1163 933 sacis
1178 881 1257 938 Med.
1271 884 1350 939 Seue.

241 972 351 1012 constat
371 961 474 1025 crassa]
494 966 607 1009 constat
619 965 756 1010 eierasse
778 956 855 1011 Med.
871 957 950 1011 Scur.
991 956 1097 1010 Ceteris
1114 955 1239 1012 deesset.

242 1050 324 1104 quam
338 1050 412 1085 meus
430 1031 551 1101 amicus}
570 1050 640 1102 prece
656 1031 732 1085 Med.
748 1035 823 1087 lunt.
838 1033 917 1087 Scur.
932 1029 996 1088 sid.
1012 1032 1107 1105 Steph.
1127 1031 1188 1087 Col.
1203 1048 1229 1087 et
1244 1049 1319 1087 recte
1332 1030 1454 1105 quidem.

242 1108 315 1162 salso
328 1111 472 1181 sanguine]
488 1105 575 1178 salso
592 1114 730 1176 sangreine
749 1108 825 1164 Med.
839 1126 866 1162 et
883 1123 991 1164 ceterae
1013 1124 1130 1170 omnes;
1152 1124 1180 1162 et
1200 1125 1293 1162 rursus
1315 1111 1369 1162 hcc
1389 1125 1499 1181 quoque

159 1200 255 1241 recte.
272 1189 393 1253 sanguis
404 1180 682 1253 enimfalsus'idem
698 1199 740 1237 est
756 1199 838 1255 atque
850 1193 983 1254 negatus.
1002 1184 1101 1239 Posset
1117 1201 1225 1256 quoque
1239 1183 1293 1257 legi
1304 1182 1426 1256 felem
1444 1185 1500 1237 hoc

160 1277 228 1327 est,
245 1257 384 1319 deiectae.
403 1257 565 1312 destitutae.

244 1351 286 1394 tot
303 1335 419 1388 seculis:
439 1332 486 1387 sed
505 1330 578 1404 quod
597 1332 655 1404 lit.]
682 1335 845 1387 coerceretis
864 1333 1024 1406 elisputasse
1049 1331 1083 1385 de
1099 1338 1218 1400 animis,
1243 1331 1295 1386 sed
1315 1332 1390 1405 quod
1406 1333 1501 1385 literis

162 1409 246 1468 Med.
268 1412 340 1463 lunt.
361 1409 440 1463 Scor.
462 1407 524 1462 Ali.
546 1410 641 1482 Steph.
660 1410 722 1464 cot.

242 1500 346 1550 exstet,
365 1483 550 1557 Pherecydes]
569 1484 620 1536 sed
625 1484 703 1556 qnod
713 1485 806 1537 literis
816 1492 912 1538 exstet
927 1482 1018 1556 probo
1037 1481 1214 1558 Pherecydes
1230 1481 1308 1538 Med.
1327 1485 1401 1540 lunt.
1416 1482 1496 1539 Scae.

162 1562 297 1618 Fortasse
316 1577 366 1634 pro
380 1560 471 1632 probo
490 1560 544 1633 leg.
560 1576 600 1614 est
616 1560 770 1632 proditum.
1029 1623 1031 1628 Α
1390 1573 1394 1580 ’

244 1634 369 1708 50000100
388 1636 535 1706 regnante]
554 1644 696 1703 regnante
710 1635 866 1707 Tarquinio
885 1634 1004 1706 steperbo
1023 1632 1107 1688 iidem
1120 1631 1242 1689 codices.

246 1728 310 1765 curn
329 1711 435 1764 honore
454 1727 482 1763 et
501 1709 662 1782 disciplina]
683 1712 825 1769 Fortasse:
846 1730 909 1764 crem
928 1709 1033 1763 honore
1051 1710 1226 1784 disciptinae.
1249 1707 1277 1764 id
1297 1724 1354 1776 est,
1375 1710 1501 1764 instituit

163 1785 360 1861 disciplima,
378 1802 447 1858 quae
461 1790 490 1839 in
504 1786 607 1839 bonore
623 1802 703 1857 atque
718 1791 883 1840 auctoritate
897 1784 960 1841 fuit.

209 1865 290 1916 Cer.
310 1867 354 1921 17.
380 1862 454 1916 Num
478 1865 562 1933 igitur
585 1861 758 1928 dubitamus,
783 1879 835 1928 an,
858 1867 931 1917 sicut
954 1862 1083 1936 pleraque
1105 1866 1147 1918 sic
1171 1878 1200 1917 et
1223 1861 1308 1930 hoel]
1355 1861 1498 1913 Fortasse:

165 1957 226 1993 non
242 1942 332 2007 igitur
345 1935 513 1989 dubitamus.
540 1936 599 2002 An,
617 1943 691 1990 se'ctet
703 1939 851 2010 pleraque,
872 1944 912 1989 stc
925 1937 1041 1992 etleoc?
1060 1937 1170 1993 scilicet
1186 1936 1357 1993 dubitamus,
1396 1933 1501 1990 Obser-

164 2019 228 2072 savi
240 2018 326 2084 etiam
346 2011 413 2065 alibi
434 2017 464 2064 in
480 2010 549 2066 edit.
565 2011 640 2067 Med.
653 2031 719 2064 num
734 2031 784 2086 pro
802 2030 859 2064 non
877 2018 1012 2086 positum.

245 2088 367 2159 terrena]
387 2096 419 2138 ut
432 2096 548 2138 terreno
567 2086 643 2143 Med.
659 2091 731 2142 lunt.
747 2087 825 2141 Scor.

243 2180 354 2217 rursum
368 2162 464 2234 rectis]
483 2179 594 2215 sursum
613 2162 688 2218 Med.
703 2159 776 2216 lunt.
790 2163 870 2216 Scur.
881 2160 942 2217 aid.
960 2161 1057 2236 Steph.
1072 2161 1133 2218 Col.

245 2233 1407 2387 :iiiliiiiiiiiiiil‘jtliitl.⁰iitiitiii‘l‘it'iiiitititt.

244 2407 302 2442 noc
315 2393 457 2441 nominata
469 2392 568 2462 magis]
587 2390 731 2443 Fortasse:
751 2406 808 2440 non
819 2395 969 2441 nominato
984 2406 1040 2440 non
1053 2394 1148 2458 magis
1157 2385 1234 2441 -id
1250 2405 1309 2458 est,
1326 2402 1426 2443 natura
1439 2403 1498 2441 non

167 2467 259 2537 magis
273 2480 368 2517 carens
386 2467 515 2529 nomine,
536 2480 617 2535 quam
630 2462 663 2516 ad
677 2463 890 2536 intelligentiam
903 2462 1031 2518 obscura.

244 2558 280 2594 ne
293 2570 314 2583 -
324 2569 344 2582 -
355 2543 457 2608 iaceat]
476 2544 550 2591 iacet
569 2537 646 2594 Med.
659 2537 743 2592 Unde
752 2544 893 2593 conticere
905 2545 985 2612 coepi
998 2555 1048 2592 nec
1058 2569 1078 2582 -
1089 2542 1176 2607 iacet,
1195 2553 1224 2592 et
1235 2542 1278 2593 sic
1291 2556 1399 2613 qnoque
1412 2541 1442 2591 ln
1451 2533 1498 2593 ed.

166 2616 244 2673 lant.
260 2631 288 2669 et
303 2614 383 2671 Scur.
396 2630 446 2668 est.
484 2613 630 2687 vulgatam
648 2613 751 2668 habent
765 2611 827 2668 Διά.
839 2613 935 2687 Steph.
949 2613 1009 2668 eol.

169 2745 173 2750 .
206 2694 287 2747 Car.
307 2696 355 2750 18.
383 2705 464 2762 quarn
477 2688 585 2760 tamen]
605 2697 716 2742 tantaene
735 2687 779 2743 ed.
793 2688 874 2742 Scor.
887 2688 955 2742 sola.
1297 2727 1300 2734 .
1381 2717 1385 2726 ‹

169 2839 190 2897 8
245 2777 275 2818 ut
288 2764 465 2892 ἴοιιιίιοιί
488 2764 567 2891 eidep
589 2766 795 2891 ianagtiog'ett
816 2768 996 2893 gptnpp'gnuesn
1019 2762 1140 2893 *urlepietcurl
1159 2762 1298 2817 Panaetio
1319 2762 1397 2820 Med.
1419 2763 1498 2820 lunt.

193 2856 252 2896 cue.
268 2860 286 2892 te
336 2859 352 2891 ο
367 2859 494 2894 tsstmeem
510 2859 540 2893 vs
562 2857 603 2892 ert
621 2859 652 2891 ve
673 2859 706 2892 eo
750 2857 865 2891 onusto
942 2876 950 2892 .
992 2856 1016 2892 te
1058 2877 1066 2894 .
1114 2859 1151 2894 0.

245 2921 284 2971 lta
294 2954 303 2982 ,
314 2860 345 2970 ps.
359 2915 385 2970 d.
399 2937 439 2990 pr.
452 2934 466 2969 0
479 2920 578 2980 tetris,
599 2913 627 2968 ld
638 2916 743 2987 euenit]
762 2921 806 2967 tta
818 2914 851 2965 id
867 2919 977 2980 evenit,
997 2856 1059 2966 ede
1070 2914 1246 2987 dissipantur
1253 2914 1357 2987 procat
1367 2933 1388 2967 a
1400 2916 1498 2982 terris,

168 2995 232 3045 sive
240 3001 409 3063 permanent
426 2993 503 3048 Med.
517 2994 591 3046 lunt.
604 2992 683 3046 stur.
696 2989 758 3045 Διά.
774 2988 826 3043 sed
840 2990 977 3063 vulgatam
991 2990 1092 3043 habent
1107 2990 1203 3063 Steph.
1221 3005 1249 3043 et
1269 2988 1330 3044 Col.

245 3067 300 3120 hoc
319 3067 419 3138 etiam]
433 3087 488 3140 per
500 3066 567 3118 leaeo
586 3073 673 3119 etiarn
693 3065 768 3122 Med.
786 3066 861 3120 lunt.
883 3067 959 3120 Seue.
979 3064 1031 3118 leoc
1044 3071 1130 3118 etiam
1152 3063 1215 3119 uid.
1230 3065 1326 3136 Steph.
1343 3062 1404 3118 eui

210 3141 291 3194 Cae.
311 3144 355 3199 ¹9.
385 3161 412 3212 q.
435 3160 457 3196 s.
480 3147 535 3195 iant
556 3141 664 3214 appello
684 3141 812 3212 eumque]
831 3158 910 3212 quem
928 3158 1011 3208 saepe
1023 3147 1082 3194 iam
1097 3140 1207 3212 appello
1223 3156 1367 3209 erassum,
1385 3153 1499 3210 suntque

167 3214 248 3274 Med.
262 3220 332 3270 tunt.
346 3217 426 3270 Scor.
439 3217 502 3272 ati.
517 3218 613 3289 steph.
630 3215 690 3270 Col.
709 3218 845 3272 Ultimum
858 3215 1023 3271 vocabulum
1041 3214 1119 3270 deest
1138 3213 1181 3270 ed.
1202 3217 1300 3270 Datis.

245 3290 362 3361 imbres]
377 3291 511 3366 hymbres
530 3289 605 3346 Med.
627 3294 701 3346 lunt.
1248 3311 1251 3318 ·

183 3433 186 3442 A
244 3384 329 3439 quum
350 3371 502 3440 inperauit]
520 3384 603 3437 qttum
621 3366 698 3420 deest
715 3365 791 3422 Med.

244 3446 368 3511 iunctus]
387 3447 502 3498 vinctus
521 3441 598 3495 Med.
615 3442 695 3497 Scur.

247 3520 365 3586 lusistit]
385 3524 495 3571 resistit
514 3516 590 3572 Med.
605 3517 683 3571 Scur.
702 3520 810 3569 insistit
828 3514 891 3572 Ald.
910 3515 1005 3589 steph.
1024 3514 1086 3571 col.

246 3590 373 3665 adeptut]
399 3594 519 3664 adeptus
531 3600 574 3644 est
594 3590 670 3646 Med.
685 3592 758 3646 lunt.
772 3592 850 3647 Scur.
862 3590 922 3648 sid.
942 3590 1037 3663 Steph.
1051 3589 1113 3645 Col.
1388 3623 1390 3630 ,

246 3666 366 3722 habeant
379 3700 399 3711 -
410 3700 431 3713 -
443 3665 719 3743 cupiamusJUhabent
732 3667 827 3741 Steph.
840 3667 903 3722 Col.
915 3684 943 3724 et
958 3671 1091 3739 cupimus.
1110 3663 1188 3722 Med.
1203 3665 1278 3720 lunt.
1291 3663 1370 3720 Seue.
1377 3647 1502 3718 debeant

171 3758 201 3798 ct
219 3761 253 3796 cu
272 3748 372 3798 iamin.

249 3763 373 3892 prolecto
391 3816 466 3871 beati
488 3822 608 3883 erimus,
626 3819 724 3889 quum]
745 3815 882 3888 profecto
900 3826 967 3869 tnnc
989 3815 1206 3883 criminati,
1224 3833 1308 3887 quaene
1326 3810 1404 3869 Med.
1425 3815 1502 3869 Iuni.

171 3892 251 3948 Scur.
267 3892 402 3965 profecto
415 3894 490 3946 beust
502 3901 606 3946 erimus
618 3910 701 3962 presens
720 3891 782 3947 Ali.
798 3893 895 3965 Steph.
915 3892 976 3946 eoi.

248 3974 304 4021 reri
325 3968 446 4036 uidendi]
465 3969 576 4021 visendi
595 3964 672 4021 Med.
694 3968 769 4020 lunt.
786 3968 863 4022 Scor.
882 3967 945 4023 sid.
961 3966 1078 4019 uidendi
1093 3965 1190 4037 Steph.
1209 3964 1271 4018 Col,
1297 3961 1370 4018 Illud
1383 3966 1503 4033 tectius,

171 4058 237 4098 nam
253 4048 281 4097 in
296 4042 414 4095 visendo
434 4049 506 4098 inest
522 4042 673 4117 cupiditas,
694 4040 833 4108 studium,
853 4048 971 4097 attentio
989 4041 1098 4115 singula
1118 4039 1266 4114 diligenter
1284 4036 1502 4112 contemplandi.

170 4117 330 4193 Respondet
345 4124 438 4171 uisere
457 4122 502 4190 τῷ
511 4121 671 4180 osannae,
691 4133 721 4171 ut
741 4116 834 4171 uidere
852 4120 896 4188 τῷ
908 4115 991 4175 ἰδεῖν.
1198 4152 1202 4164 .

248 4199 380 4268 patritam
394 4193 483 4262 illam]
499 4199 628 4266 putrium
647 4190 723 4246 Med.
741 4181 981 4247 lucusianum.
997 4198 1140 4264 patritam
1159 4189 1255 4264 Steph·
1272 4187 1334 4245 Col.

209 4271 288 4322 Cae.
308 4274 354 4326 20.
381 4269 414 4322 ad
432 4285 521 4338 auree,
539 4266 574 4321 sd
586 4271 677 4336 ntem]
697 4267 737 4319 ed
747 4285 847 4338 nares,
867 4266 907 4319 ad
923 4285 1009 4319 aures
1027 4267 1106 4323 Med.
1125 4267 1201 4320 lunt.
1223 4266 1303 4319 Scur.
1323 4265 1438 4318 inverso
1456 4280 1502 4316 cr·

170 4341 238 4398 dine
251 4343 313 4399 Ald.
329 4344 423 4416 Steph.
437 4344 498 4398 Col.
1011 4356 1016 4369 ·

248 4435 276 4473 et
296 4424 319 4473 ls
336 4422 475 4487 omnium]
495 4417 611 4471 tetidem
621 4420 742 4469 omnium
761 4416 837 4472 Med.
853 4419 931 4472 Seue.
945 4415 1006 4472 ald.
1019 4414 1114 4488 Steph.
1130 4413 1193 4470 Col.
1214 4422 1243 4466 et
1255 4418 1282 4464 is
1295 4418 1417 4466 omniurn
1427 4412 1502 4468 lune.

247 4494 328 4547 ct».
348 4500 393 4552 21.
413 4510 465 4548 rat.
477 4495 557 4548 Plato
569 4492 687 4560 nullam]
705 4498 847 4564 rationein
855 4494 962 4545 nullam
972 4491 1057 4546 Plato
1076 4487 1154 4546 Med.
1165 4491 1240 4545 lunt.
1256 4488 1337 4544 Scur.
1357 4492 1500 4540 rationem

170 4567 257 4624 Plato
269 4571 375 4622 mittam
393 4568 456 4624 att.
472 4569 567 4641 steph.
582 4547 644 4621 col.
682 4621 687 4640 .
1063 4611 1064 4616 e

246 4659 278 4697 ιιι
296 4645 364 4698 telle
384 4648 496 4713 ceteris]
515 4646 654 4702 Fortasse3
674 4650 707 4693 ret
719 4642 791 4693 velle
800 4640 972 4712 persuadere
990 4646 1102 4696 ceteris.

56 4753 59 4764 ·
208 4721 290 4776 cte.
310 4726 354 4776 22.
383 4725 461 4792 quasi
486 4719 599 4773 domum
623 4719 713 4784 suam]
737 4723 819 4788 quasi
842 4722 873 4771 tn
899 4717 1010 4770 donum
1032 4734 1113 4769 suana
1131 4711 1210 4771 aies.
1229 4714 1304 4768 lunt.
1331 4710 1411 4768 Seue.
1436 4707 1501 4767 tid.

171 4795 221 4852 8te
242 4796 270 4848 lt.
291 4794 352 4849 col.
657 4839 664 4848 .
824 4807 832 4838 t

223 4815 356 4925 Peninus
369 4870 488 4941 nesciet]
508 4872 618 4922 neseiat
637 4864 715 4922 Med.
731 4868 806 4924 tunt.
824 4867 902 4923 Scur.
915 4864 977 4923 ΔΜ.
991 4863 1087 4940 Steph.
