3384 5359
225 284 289 347 ru
652 234 882 348 uturum
904 283 1119 350 uuuuun.

224 427 369 479 Divinus:
387 424 487 489 Hunc,
508 429 630 477 animum
650 422 774 496 scilicet,
792 443 888 490 nosse,
907 430 963 477 uisi
982 429 1005 479 is
1026 424 1140 480 divium
1157 436 1245 496 esset,
1263 446 1319 483 nou
1338 440 1412 484 esset
1431 430 1563 505 dignum

181 504 182 507 ’
225 488 354 574 Apolline
381 516 563 573 praeceptum.
608 499 731 553 Tandem
756 518 819 553 vero
846 500 911 567 iiic,
935 499 987 553 hoc
1012 512 1069 568 est,
1096 520 1126 554 se
1151 509 1240 575 ipsum
1262 522 1345 576 posse
1369 524 1561 576 cognoscere,

225 592 337 649 prorsus
357 572 498 628 abscinde.
531 576 681 644 Quomodo
700 580 776 628 enim
792 584 972 647 praeceptum
991 582 1119 650 cuiquam
1139 594 1191 648 est,
1208 598 1338 650 possete
1357 585 1562 655 cognoscere?

224 651 290 706 Non
309 655 405 722 utique
420 659 599 723 praeceptum
618 650 687 713 bnc;
707 648 756 704 sed
774 656 830 715 vis,
851 657 992 725 potentia,
1011 651 1137 707 facultas.

299 746 402 798 *Cam
422 744 533 798 XXIII.
566 743 648 813 Quod
665 753 759 795 autem
777 753 882 796 motum
904 743 1005 816 adfert
1029 745 1128 813 alieni,
1152 748 1275 819 quodque
1299 753 1389 819 ipsam
1414 756 1561 819 agitatur

226 819 351 892 aliunde]
377 819 460 872 MSS.
481 825 568 872 nostri
590 836 701 885 omnes,
728 820 934 887 ALICUNDE,
958 839 1014 873 non
1034 814 1153 875 alitteris.
1198 826 1298 885 Recte;
1324 839 1354 877 ut
1380 826 1560 899 respondeat

224 895 380 1022 ggisalicui.
424 895 497 949 Nam
516 895 643 946 alicrmde
663 893 853 967 perindeest,
882 911 915 971 nc
940 901 964 950 ei
990 895 1082 963 dicas,
1111 898 1147 948 ab
1171 900 1283 971 aliquo:
1313 915 1339 953 at
1364 900 1479 952 altitude
1504 917 1559 955 eat

279 973 344 1023 alio.
561 974 565 982 '

184 1039 187 1049 ⁵
299 1043 412 1099 *ibid
432 1044 508 1097 Nam
520 1061 552 1096 ex
563 1049 705 1117 principio
718 1048 849 1096 oriuntur
867 1050 973 1117 omnia]
1001 1044 1088 1101 Codd.
1108 1052 1198 1101 nostri
1217 1065 1331 1114 omnes,
1351 1049 1380 1101 E
1387 1042 1557 1121 princificf

224 1137 253 1175 a
272 1119 505 1249 stilivbiffiroblaeac
521 1211 536 1247 a
555 1211 585 1245 se
604 1193 683 1245 alittd
699 1194 816 1263 creabit]
844 1167 929 1248 Codd.
949 1200 1037 1250 nostri
1058 1213 1120 1251 cum
1140 1198 1301 1263 macrobio,
1321 1216 1371 1251 uec
1390 1218 1424 1252 ex
1442 1153 1497 1253 se.

299 1269 413 1324 aliid.
440 1270 528 1322 Omne
547 1270 654 1321 caelum
672 1273 812 1340 omnisque
830 1273 941 1338 natura]
969 1271 1051 1326 Recte
1072 1273 1220 1327 Lambinus
1247 1274 1349 1346 aliique
1375 1294 1408 1328 ex
1427 1276 1554 1329 Platone

222 1348 301 1433 ipso,
331 1351 471 1417 omuispoe
490 1345 620 1399 Tanna.
657 1342 767 1401 Πάντα
781 1354 817 1401 ’τε
832 1343 972 1434 Q&
996 1349 1104 1407 adtactu
1128 1367 1160 1406 τε
1184 1352 1250 1428 γῆν,
1294 1348 1395 1404 Facilis
1421 1350 1552 1405 librariis

222 1438 314 1514 lapsus
334 1455 393 1495 erat
413 1458 445 1492 ex
464 1439 660 1510 compendiosa
679 1443 814 1511 scrIptura
836 1448 884 1490 ira
902 1457 964 1494 ura.
1161 1448 1164 1454 ·

299 1513 390 1570 ibid.
416 1515 493 1584 Quae
512 1519 538 1565 si
556 1522 599 1564 est
618 1531 674 1563 rma
693 1531 729 1565 ex
748 1513 890 1580 omnibus,
919 1534 989 1587 quae
1013 1534 1043 1571 se
1062 1521 1150 1590 ipsam
1168 1535 1275 1590 semper
1293 1498 1419 1588 moveat]
1446 1519 1549 1574 Scribe

222 1607 253 1641 se
271 1595 350 1663 ipsa:
369 1605 400 1645 ut
419 1605 447 1644 et
467 1605 497 1643 tu
516 1588 584 1642 alibi
603 1586 690 1652 iacis;
710 1604 736 1641 et
756 1594 798 1642 sic
817 1607 926 1662 semper
943 1589 1010 1645 boui
1031 1609 1165 1647 auctores.

198 1717 201 1723 ,
297 1664 518 1735 *Ibid.'Quae
530 1670 557 1715 si
568 1673 611 1716 esi
624 1683 680 1715 urta
692 1683 729 1716 ex
748 1665 889 1731 omuibus,
909 1684 1026 1735 praeese
1047 1672 1133 1740 ipsam
1154 1686 1263 1741 semper
1282 1668 1409 1742 maereat]
1435 1668 1548 1737 Scribe,

221 1759 252 1794 '⁶
270 1756 423 1871 iiiii?
438 1739 920 1887 itiit.i:{.22i.iiti'3i.ii
930 1758 1103 1889 iiiiii
1120 1743 1450 1873 iiiij‘iiii‘ti..
1469 1793 1548 1873 ...22

221 1910 272 1961 ne,
293 1910 387 1945 omues
402 1891 511 1963 plebeii.
549 1891 586 1944 Et
604 1908 684 1943 mox:
704 1891 748 1942 Ab
768 1906 799 1943 ea
809 1889 950 1962 familia;
968 1910 1041 1958 non,
1062 1910 1092 1947 ut
1111 1893 1192 1959 editi,
1215 1893 1249 1944 ab
1269 1893 1343 1946 illa.

224 1966 410 2101 sIM⁴‘Ibid.
436 1965 501 2036 Ego
519 1964 591 2019 vero
606 1965 703 2038 facile
728 1984 789 2020 sum
812 1970 926 2039 passus]
957 1967 1040 2023 MSS.
1065 1975 1155 2024 nostri
1180 1986 1277 2023 omnes
1303 1974 1423 2037 rectius,
1446 1966 1546 2040 facile

308 2061 419 2116 passas.
1344 2060 1348 2073 ¹
1420 2086 1423 2095 .

298 2138 401 2191 *Can
416 2140 519 2192 XXIV.
541 2135 590 2187 Ad
600 2154 634 2187 ea
646 2141 687 2188 sic
705 2135 753 2186 ille
771 2133 929 2208 respondit,
947 2146 980 2189 ut
995 2141 1076 2209 puer]
1103 2139 1149 2195 Sic
1169 2137 1279 2209 quidem
1301 2136 1427 2192 codices:
1447 2156 1544 2191 rerum

224 2219 333 2286 corrige
358 2212 587 2268 RESPONDET:
617 2216 718 2285 quippe
744 2211 884 2284 praecedit
910 2211 977 2266 illud
1002 2215 1136 2267 Socrates
1159 2218 1321 2283 interrogat
1327 2234 1337 2274 ,·
1363 2231 1420 2267 nun
1445 2220 1544 2265 inter-

157 2340 162 2351 ,
223 2308 257 2343 ro
280 2295 352 2341 avii.
425 2340 429 2349 ,

258 2308 417 2438 giibid
431 2363 470 2415 Ut
483 2360 629 2431 gradatim
649 2361 817 2431 respondeus
836 2358 934 2414 eodem
950 2369 1116 2434 perueniat,
1135 2368 1214 2435 quasi
1227 2364 1404 2415 Geomeirica
1422 2363 1544 2415 didicis·

222 2444 276 2508 set]
304 2442 355 2493 Pro
375 2444 455 2508 quast·
473 2438 557 2490 codes
578 2435 702 2490 Gallicus
722 2442 844 2489 omnium
867 2444 1044 2504 veterrimus,
1059 2457 1116 2510 ,quo
1135 2446 1177 2491 si:
1197 2438 1268 2510 quod
1289 2454 1316 2492 et
1337 2437 1490 2495 Lambinus
1509 2458 1542 2491 ex

222 2520 382 2569 coniectura
401 2510 522 2565 dederat.
561 2512 615 2565 Sed
635 2527 662 2565 et
682 2511 757 2564 aliud
776 2511 907 2565 mendum
928 2512 1018 2568 adhuc
1037 2530 1130 2569 restat.
1175 2517 1301 2588 Repone‚
1327 2514 1378 2571 EO
1397 2514 1542 2568 DEMUM

219 2595 379 2661 perveniat.
419 2591 517 2651 Recte,
536 2587 658 2650 demum,
677 2592 741 2660 quia
760 2588 919 2656 gradatim,

298 2660 412 2717 '‘lbid.
435 2663 591 2715 Utds‘scere
610 2662 848 2728 cristianitatis,
869 2679 951 2736 quam
970 2664 1126 2734 recordari]
1154 2663 1200 2718 Sic
1220 2661 1303 2716 editI:
1324 2659 1372 2715 sed
1392 2660 1474 2717 codd.
1494 2681 1544 2715 no-

165 2802 166 2821 *
223 2744 274 2794 stri
294 2756 407 2804 omnes,
426 2743 498 2803 nisi,
517 2754 691 2809 nonquam:
717 2754 747 2791 ut
768 2739 860 2812 paullo
880 2737 1011 2807 inferius,
1031 2741 1079 2792 Ita
1097 2737 1169 2791 niltil
1185 2749 1229 2792 esi
1247 2739 1326 2791 aliud
1342 2739 1466 2803 discere,
1487 2742 1542 2792 nisi

222 2815 376 2868 recordari.

296 2888 407 2944 “Ibid.
433 2887 516 2958 quue
534 2887 622 2939 scirem
641 2905 715 2954 esse,
741 2888 815 2959 quod
831 2907 940 2961 semper
959 2890 1015 2941 tale
1033 2895 1086 2954 sit,
1107 2887 1213 2961 qualem
1232 2887 1322 2941 ideam
1343 2888 1467 2960 appellat
1485 2888 1542 2955 ills,
1633 2908 1640 2931 ι

221 2985 273 3021 reos
291 2968 419 3039 speciem]
447 2965 557 3035 Repoue
577 2981 610 3015 ea
634 2963 777 3017 codicibus
802 2970 924 3030 nostris,
951 2963 1040 3036 Quale
1064 2964 1179 3023 aldeae:
1204 2981 1231 3016 et
1256 2979 1411 3036 praeterea,
1438 2979 1467 3016 ut
1494 2964 1542 3017 bic

221 3042 319 3101 εἰδέαγ
337 3041 461 3112 appellat
478 3040 540 3104 iiie,
560 3038 687 3092 Socrates
707 3038 831 3104 scilicet,
859 3044 897 3093 ita
918 3040 996 3105 vide,
1017 3057 1051 3094 an
1066 3057 1126 3113 pou
1145 3044 1269 3114 superius
1289 3039 1379 3112 paullo
1399 3043 1542 3112 corrigen-

119 3132 122 3139 '
222 3116 287 3171 dum
307 3121 360 3180 sit,
380 3132 450 3188 quas
469 3113 586 3178 ἐννοίας
605 3128 725 3166 vocat:
745 3132 801 3167 nou
820 3129 850 3168 ut
869 3115 966 3186 vulgo,
986 3124 1101 3168 vocant.

296 3191 407 3263 aliid.
427 3188 504 3261 Quid
513 3198 556 3240 est
569 3194 642 3240 euim
655 3189 738 3253 illud,
757 3207 810 3259 peso
829 3192 1024 3242 meminimus?
1042 3198 1190 3261 cuiquam
1209 3188 1292 3241 habet
1308 3194 1382 3255 viru,
1401 3196 1452 3240 assi
1469 3187 1541 3239 uude

221 3267 375 3322 nutritam?
394 3268 462 3319 Nan
480 3267 593 3337 qtsaera]
616 3264 678 3316 lure
698 3266 827 3319 Manutio
848 3264 962 3336 aliisque
983 3265 1125 3338 displicuit
1145 3264 1212 3318 iilud
1232 3274 1375 3329 unitarum,
1396 3280 1425 3316 ut
1445 3280 1540 3335 super-

197 3356 382 3407 'sacaneum
419 3342 463 3394 Tu
482 3357 546 3393 veto
565 3339 685 3406 libenter
705 3337 843 3394 admittis:
872 3347 937 3410 puia
955 3346 1015 3393 uim
1034 3338 1152 3415 (inquis)
1170 3349 1351 3401 cincturam
1368 3357 1451 3410 saepe
1469 3357 1541 3390 con-

211 3416 317 3489 'iurtgit
336 3416 441 3470 Cicero.
479 3415 523 3469 Ita
543 3432 608 3468 saue
628 3432 684 3468 est:
704 3431 784 3488 saepe
804 3419 969 3484 coniungit:
990 3433 1017 3471 at
1037 3418 1090 3470 boc
1110 3420 1139 3468 in
1157 3415 1220 3469 Ioco
1239 3416 1386 3484 distringit,
1407 3430 1455 3469 aut
1471 3420 1541 3480 vim,

222 3511 274 3553 aut
294 3500 443 3544 naturam:
473 3508 555 3560 quum
583 3505 676 3543 tamen
705 3496 745 3545 vis
772 3506 799 3543 et
824 3506 922 3543 natura
950 3490 1024 3545 idem
1052 3507 1161 3566 prorsus
1187 3490 1352 3563 significent.
1397 3490 1539 3543 Manutius

221 3573 348 3642 reponit,
375 3565 529 3617 terdenam:
555 3564 602 3618 sed
628 3582 765 3634 nusquam
789 3563 897 3639 (credo)
916 3585 952 3620 eo
977 3566 1061 3620 uerbo
1086 3583 1151 3619 usus
1176 3582 1218 3619 est
1237 3569 1347 3621 Noster.
1392 3565 1540 3618 Lambinus

222 3644 344 3709 mavult,
369 3640 440 3693 uude
458 3650 571 3693 natam:
601 3656 628 3694 et
648 3647 775 3694 siccaue
795 3640 873 3695 codd.
895 3641 1007 3713 quidam
1029 3646 1205 3694 recentiores.
1244 3646 1347 3695 ilerum
1366 3638 1428 3693 idco
1448 3643 1540 3693 miuus

224 3722 331 3796 piacet,
359 3721 423 3789 quia
442 3720 472 3768 in
491 3714 644 3768 redditione
663 3733 727 3768 mox
746 3715 896 3781 habemus,
916 3718 995 3787 Quae
1013 3722 1052 3769 sit
1070 3716 1121 3768 illa
1140 3721 1203 3783 vis,
1221 3725 1252 3768 et
1269 3716 1340 3768 unde
1358 3721 1412 3780 sit,
1431 3714 1540 3766 iutelli-

222 3796 345 3868 geudum
359 3801 439 3865 puto.
478 3787 560 3843 Vides
585 3808 638 3843 nec
664 3791 734 3842 uude
759 3799 865 3843 nattam
888 3796 942 3859 sit,
968 3806 1020 3849 nec
1044 3792 1115 3843 uude
1140 3798 1211 3843 nata
1234 3796 1273 3842 sii
1297 3792 1344 3844 bic
1370 3806 1539 3863 comparere.

222 3868 394 3925 Crediderim
417 3871 497 3919 unius
517 3864 613 3918 literae
630 3872 786 3937 'mutatione
805 3885 884 3940 posse
904 3867 997 3922 locum
1019 3871 1125 3921 sanari:
1143 3876 1196 3919 ortt
1213 3885 1295 3938 quam
1314 3866 1395 3917 lrabet
1413 3872 1471 3918 uim
1491 3872 1541 3915 aut

137 3980 140 3989 .
223 3946 316 3997 uude?
343 3943 415 3998 ῙΔΜ
442 3959 499 3993 nort
521 3959 640 4013 qtsaero,
668 3950 774 4013 quauta
798 3948 934 3995 matoria
951 3941 1105 3996 Sintom'dcs
1124 3958 1177 3996 cet.
1201 3941 1235 3994 de
1259 3946 1396 3995 communi
1421 3944 1542 3994 omnium

222 4025 357 4073 rumor-ia
374 4020 480 4089 loquor.
989 4020 995 4035 '

296 4114 379 4166 Car.
397 4108 488 4165 XXV.
514 4110 641 4181 Quorsus
659 4113 751 4178 igitur
769 4108 837 4162 ltaec
858 4116 968 4183 spectat
985 4110 1102 4165 oratio?
1126 4129 1195 4182 quae
1218 4113 1257 4161 sit
1275 4109 1327 4161 illa
1343 4113 1391 4161 uis
1408 4116 1437 4160 et
1461 4106 1542 4173 urstis,

221 4186 432 4257 intelligendum
448 4195 528 4256 puta.
569 4186 638 4237 Noa
657 4193 701 4236 est
719 4193 793 4235 certe
812 4203 866 4237 uec
885 4186 995 4253 cordis,
1020 4205 1069 4238 rtec
1087 4190 1252 4254 congruitis,
1278 4203 1328 4236 nec
1345 4184 1465 4247 cerebri,
1492 4200 1542 4235 nee

221 4273 387 4317 atomorum.
426 4265 522 4315 anima
543 4264 579 4313 sit
603 4265 707 4331 ignisse
727 4264 831 4331 nescio]
861 4262 944 4314 Recte
964 4276 995 4314 tu
1020 4259 1147 4334 quidem,
1175 4279 1257 4332 quum
1276 4264 1381 4334 priores
1401 4258 1542 4323 haberent,

220 4346 316 4392 anima
333 4342 375 4389 sit
393 4341 504 4389 animus
521 4341 633 4404 ignisne
656 4342 764 4398 nescio,
789 4340 917 4389 amovisti
946 4334 1013 4389 illud
1039 4342 1169 4387 arsimus:
1198 4340 1298 4407 quippe
1317 4333 1390 4404 quod
1409 4335 1479 4387 uuili
1497 4350 1543 4387 us-

239 4431 304 4468 uam
323 4411 431 4466 codices
452 4426 612 4484 agnoscant.
659 4410 789 4464 Restabat
817 4426 911 4463 tamen
936 4410 1040 4481 aliquid
1065 4416 1167 4465 maius:
1193 4409 1262 4464 iliud
1289 4414 1381 4475 euim,
1407 4424 1437 4463 ut
1463 4408 1542 4481 vulgo

220 4436 324 4555 pertus,
342 4493 495 4540 animarit
513 4490 623 4555 iguisve
645 4490 756 4551 nescia,
782 4504 816 4539 ne
836 4487 967 4539 Latinum
989 4484 1099 4559 quidem
1117 4501 1168 4539 est.
1193 4484 1349 4558 ‚SIquidem
1370 4500 1432 4556 post
1451 4488 1544 4536 nardo

215 4583 266 4631 ,aut
287 4566 338 4619 ΔΝ
359 4579 405 4616 aut
426 4563 475 4616 NE
496 4565 611 4616 omniuo
633 4561 681 4615 hic
700 4565 860 4632 requiritur.
908 4562 943 4615 Et
971 4562 1082 4633 quidem
1108 4563 1175 4614 olim
1194 4551 1345 4615 Lambinus
1364 4559 1543 4624 continebat,

220 4647 318 4694 anima
337 4644 374 4689 sit
393 4643 520 4706 igrtisrte‚
547 4642 656 4693 nescios
686 4654 736 4708 ego
762 4652 836 4688 nunc
862 4635 1005 4709 legendum
1025 4640 1170 4702 existimo,
1195 4654 1233 4688 ars
1252 4640 1346 4688 auium
1364 4640 1404 4686 sit
1421 4640 1544 4703 ignisne,

220 4721 323 4769 nescio.
364 4714 488 4782 Quaruni
508 4713 664 4767 lectionum
689 4711 736 4764 ilia
762 4710 815 4764 hoc
840 4712 1023 4783 significabit,
1053 4715 1154 4767 Utrum
1177 4729 1214 4763 ec
1239 4711 1343 4763 driadas
1365 4714 1421 4770 sit,·
1449 4726 1543 4763 nostra

221 4794 350 4844 Unrtmrte
369 4808 406 4842 esc
425 4787 530 4839 dssobus
547 4795 595 4842 sit.
637 4784 711 4857 Quid
733 4790 806 4840 inter
825 4788 894 4841 haec
912 4791 1032 4855 intersit,
1052 4794 1075 4843 si
1094 4785 1179 4861 probe
1199 4787 1545 4914 inteiligiszppsterioreat

219 4865 367 4920 dumtaxat
388 4880 498 4918 mutum
517 4867 584 4917 huic
613 4863 679 4917 loco
704 4868 852 4918 contenire
879 4861 1024 4936 intelliges.
1067 4866 1111 4919 Ita
1134 4867 1211 4918 enisu
1236 4878 1300 4915 mox
1328 4866 1338 4914 i
1401 4864 1457 4915 iuss
1484 4865 1545 4913 siue
