3384 5359
223 314 284 379 lii
486 311 873 378 TUSCULANARUM
894 302 1287 379 nlsPtt'tuutounut

218 456 272 519 tc.
294 456 341 521 At
362 453 394 518 id
415 465 485 519 erat
504 453 573 517 deis
600 438 748 519 omnibus
776 454 969 529 cauendum,
1006 454 1272 539 quaemadmodum
1301 451 1354 515 hic
1381 450 1542 515 frueretur

182 520 192 559 i
218 550 383 631 voluptate
411 547 578 610 amatoria.
1139 568 1143 577 ·

301 645 404 709 Heu¹
426 665 480 706 me
501 642 703 734 infelicem!
724 675 766 690 -·

219 736 311 803 Nihil
335 736 458 801 verius.
501 739 614 802 Probe
636 749 669 803 et
689 737 761 800 ille:

305 863 346 903 .-
369 831 519 899 Scnun’2
540 853 600 908 es,
625 831 685 916 qui
705 842 833 895 temere
855 832 1076 896 lamentare?

221 925 276 991 sie
297 925 425 1003 insanus
446 925 575 989 videtur
596 928 689 988 etiam
714 922 812 989 suis³.
857 927 903 989 At
924 948 1002 1010 quas
1024 925 1206 1011 tragoedias
1228 921 1371 989 efficit⁸Y

111 1012 117 1019 ⁶
308 1024 358 1086 Te
366 1020 390 1098 ⁵,
403 1022 530 1103 Apollo
536 1030 665 1094 sancte,
671 1015 744 1110 fer
758 1024 878 1104 opem!
889 1031 998 1105 teque,
1012 1020 1228 1105 omnipotens
1234 1021 1406 1103 Neptrme,
1416 1016 1548 1089 invocor

310 1117 447 1200 Vosque
467 1115 555 1179 adeo
577 1115 691 1178 uenti!

220 1206 380 1271 Mundum
403 1219 506 1272 totum
527 1228 562 1271 se
584 1210 625 1271 ad
646 1227 786 1272 amorem
808 1229 899 1271 suum
921 1209 1149 1273 sublevandum
1170 1227 1402 1272 conversurum
1431 1215 1543 1289 putat:

222 1300 384 1365 Venerem
407 1323 499 1366 usnam
522 1302 682 1377 excludit,
707 1314 743 1364 ut
763 1298 942 1384 iniquam⁶t

307 1426 347 1440 -
369 1399 465 1464 Nom
485 1396 569 1482 quid
588 1417 655 1480 ego
676 1406 709 1459 te
730 1398 915 1478 appellem,
942 1396 1085 1462 Venus?
1506 1476 1509 1489 .

222 1491 302 1555 Earn
324 1512 401 1573 prae
422 1488 552 1557 libidine
574 1499 670 1574 negat
691 1509 804 1551 curare
826 1488 1010 1575 quidquam.
1066 1489 1166 1572 Quasi
1187 1510 1268 1553 vero
1289 1483 1360 1571 ipse
1381 1508 1447 1552 non
1468 1509 1548 1572 pro·

220 1597 295 1670 pter
317 1585 475 1651 libidinem
499 1596 586 1649 tanta
607 1576 783 1667 flagitia'et
802 1582 920 1661 iaciat,
945 1596 976 1647 et
998 1584 1095 1649 dicat.

165 1758 168 1769 Ι
306 1680 457 1744 XXXV.
476 1680 528 1742 11.
553 1676 608 1741 Sic
629 1677 728 1761 igitur
743 1678 860 1743 affecto
873 1680 953 1742 haec
967 1679 1142 1743 adhibenda
1156 1668 1281 1742 curatio
1296 1686 1364 1753 est,
1386 1687 1423 1739 ut
1437 1676 1487 1741 ei'
1507 1678 1547 1741 il·

221 1772 294 1848 lud,
319 1774 406 1857 quod
422 1773 546 1855 cupiat,
571 1772 735 1837 ostenduet
758 1794 852 1857 quarn
866 1774 956 1852 love,
980 1795 1074 1860 quam
1090 1773 1371 1846 contemnendum,
1388 1792 1482 1856 quarn
1497 1771 1548 1835 ni·

126 1922 130 1929 .
220 1865 288 1929 bil⁹
301 1866 342 1929 sit
357 1865 504 1941 omnino3
518 1887 611 1951 quam
623 1863 718 1929 facile
734 1867 784 1930 vel
801 1866 937 1946 aliunde,
956 1871 1011 1933 vel
1021 1869 1085 1933 alio
1098 1870 1193 1933 modo
1205 1863 1337 1950 perfici,
1354 1864 1406 1928 vel
1418 1864 1548 1929 omniuo

221 1960 343 2045 negligi
355 1960 469 2043 possit.
491 1960 707 2026 Abducendus
717 1960 743 2000 ¹⁰
758 1972 806 2025 est
820 1963 913 2025 etiam
925 1984 1149 2049 nonnunquam
1164 1964 1203 2025 ad
1217 1960 1277 2024 alia
1289 1958 1409 2036 studia,
1426 1954 1549 2022 soltici-

221 2046 364 2132 tudines,
382 2076 493 2133 curas,
514 2053 661 2140 negotia3
684 2054 750 2119 loci
762 2056 900 2141 denique
914 2058 1106 2133 mutatione,
1131 2067 1288 2140 tamquam
1303 2052 1429 2141 aegroti
1448 2053 1547 2116 uon¹¹

220 2150 499 2227 convalescentes,
523 2169 619 2230 saepe
635 2152 792 2212 curandus
811 2162 881 2214 est:
906 2154 958 2216 ta.
975 2151 1068 2216 etiam
1086 2171 1173 2215 novo
1193 2148 1354 2235 quidam¹²
1366 2167 1476 2211 amors
1491 2152 1548 2211 νεὶ

205 2246 323 2308 'terem
339 2265 496 2321 amorem,
514 2255 672 2328 tanaqusua
685 2243 778 2308 clavo
789 2244 934 2321 clavum,
949 2245 1136 2331 eiiciundum
1148 2238 1278 2333 putant:
1294 2239 1429 2304 maxime
1444 2251 1546 2303 autem

224 2338 459 2416 admonendus,
480 2349 615 2422 quantus
631 2336 672 2399 sit
685 2337 780 2402 furor
794 2339 924 2403 amoris.
949 2340 1105 2405 Omnibus
1120 2337 1200 2403 enim
1217 2358 1258 2400 ex
1271 2334 1367 2399 animi
1377 2335 1547 2418 perturba·
1664 2393 1665 2405 ,

222 2428 365 2496 tionibus¹
381 2443 429 2496 est
443 2432 596 2515 prolecto
611 2431 697 2495 nulla
707 2432 946 2498 vehementior:
962 2446 1009 2511 ut,
1025 2432 1052 2497 si
1067 2433 1128 2497 ism
1140 2433 1209 2515 ipsa
1222 2432 1276 2496 illa
1288 2450 1438 2494 accusare
1450 2426 1545 2502 nolis,

220 2536 332 2609 stupra
347 2526 420 2592 dico
441 2538 472 2592 et
487 2526 687 2608 corruptelas
703 2538 735 2590 et
753 2526 925 2602 adulteria,
948 2527 1066 2593 incesta
1080 2528 1233 2612 denique,
1251 2546 1388 2610 quorum
1408 2522 1548 2588 omnium
1591 2558 1593 2565 ,

222 2622 410 2686 acetrsabilis
425 2633 473 2687 est
488 2614 673 2705 turpitud03
690 2624 745 2686 sed
759 2635 795 2686 ut
808 2625 889 2688 haec
904 2622 1032 2688 omittas
1042 2624 1080 2700 ¹³,
1096 2621 1301 2706 perturbatio
1313 2619 1381 2702 ipsa
1394 2618 1546 2683 mentisin

223 2735 332 2779 amore
344 2716 437 2780 locda
449 2738 553 2799 perse
565 2727 626 2780 est.
650 2718 733 2780 Nam
744 2727 779 2780 ut
790 2717 842 2782 illa
853 2728 1065 2800 praeteream,
1079 2738 1159 2800 quae
1170 2726 1243 2782 sunt
1252 2714 1391 2787 ius-crin
1405 2713 1457 2775 tt.
1468 2713 1548 2776 baec
1663 2715 1664 2718 ’

221 2808 291 2893 ipsa
303 2831 364 2894 per
377 2826 448 2875 sese
462 2833 555 2897 quam
570 2812 689 2875 babent
702 2810 881 2889 leuitatem,
901 2832 984 2898 quae
1004 2812 1150 2876 ridentur
1167 2832 1236 2875 esse
1255 2805 1468 2874 mediocriaia

388 2939 430 2952 -
514 2941 556 2953 —
641 2938 683 2950 —
768 2906 937 2981 inim-iae,

224 3044 227 3055 ι
305 3000 526 3082 Suspiciones
540 3001 576 3078 ¹⁴,
600 2999 821 3078 inimicitiae,
844 3000 1026 3077 induciae,

305 3094 461 3170 Bellum,
483 3115 561 3178 puae
582 3115 737 3161 rursum.
779 3097 918 3161 Incerto
937 3097 1020 3158 haec
1041 3092 1073 3159 si
1093 3105 1133 3157 tu
1148 3094 1304 3176 postules

186 3208 191 3219 ⁴
305 3189 453 3253 Ratione
475 3200 570 3254 certo
579 3187 734 3280 farere,
758 3188 867 3253 nihilo
885 3191 966 3272 plus
986 3209 1100 3274 agas,

307 3286 421 3368 Quum
442 3277 555 3361 sides
575 3304 739 3366 opernm,
762 3293 802 3347 ut
823 3304 902 3347 cum
922 3284 1056 3348 ratione
1078 3282 1245 3347 insanius.
1321 3324 1323 3327 .

224 3376 317 3443 Haec
345 3376 554 3441 inconstantia
585 3376 839 3462 mutabilitasque
869 3377 999 3454 mentis,
1024 3398 1117 3462 quem
1138 3398 1202 3443 non
1225 3376 1292 3459 ipsa
1314 3375 1472 3460 pravitate
1490 3379 1547 3440 ds-

227 3469 376 3535 terreat?
408 3472 470 3535 Est
493 3471 621 3552 enim¹⁶
650 3471 747 3547 illud,
784 3472 872 3555 quod
899 3471 933 3536 in
955 3471 1040 3536 omui
1061 3474 1304 3555 perturbatione
1326 3468 1456 3548 dicitur,
1490 3473 1548 3535 de·

298 3679 336 3755 (¹)
356 3708 390 3724 -
409 3680 454 3732 1ιεί
472 3682 525 3738 W.
547 3687 574 3736 2.
602 3684 713 3735 Dicitur
737 3679 790 3733 lsess
815 3699 873 3746 nse,
900 3679 944 3733 lael
969 3680 1045 3735 milsi.
1091 3682 1129 3748 (²)
1154 3682 1202 3738 Sic
1226 3683 1280 3741 W·
1306 3686 1334 3737 2.
1357 3700 1396 3735 ἐ
1418 3682 1546 3734 Sanisene

218 3757 321 3811 Ceteri.
369 3755 407 3831 (³)
426 3759 474 3812 Sto
494 3755 585 3810 Gebh.
606 3755 688 3828 Seqq.
707 3776 746 3811 =
762 3762 823 3808 eutr
842 3762 929 3824 etiem
948 3757 1006 3810 uid.
1026 3758 1147 3812 Priores.
1197 3757 1237 3827 (⁴)
1257 3760 1304 3812 Sic
1324 3759 1356 3812 li.
1376 3755 1469 3810 Guell.
1490 3756 1545 3812 Db.

219 3843 248 3892 t.
268 3834 320 3886 W.
341 3839 368 3890 2.
386 3861 426 3876 -
443 3823 536 3902 efficit
555 3830 785 3887 Pausncvmu.
805 3831 876 3886 Lali.
893 3859 933 3876 -
951 3824 1045 3903 effinn
1063 3832 1097 3886 de
1118 3832 1208 3887 bend.
1226 3829 1257 3888 Ε.
1272 3833 1324 3885 Da.
1362 3829 1399 3905 (⁵)
1412 3858 1450 3876 —
1461 3831 1500 3884 Et
1513 3832 1547 3889 R.

221 3908 324 3963 Pius.
343 3938 383 3951 -
401 3909 440 3962 Te
460 3906 514 3961 del.
535 3922 629 3963 censet
649 3906 759 3962 Nissen.
796 3904 836 3982 (⁶)
855 3934 891 3951 -·
911 3917 943 3959 ut
960 3926 1077 3980 nequam
1096 3926 1110 3961 e
1129 3906 1178 3962 Cd.
1198 3907 1403 3963 commendavit
1423 3908 1547 3963 Turneb.

220 3983 300 4037 Adv.
322 3993 354 4050 7,
382 3990 428 4045 18.
478 3981 515 4057 (⁷)
541 3986 589 4039 Sic
619 3981 682 4037 Mt.
713 3983 787 4039 our.
813 3983 900 4048 tall..
931 3999 962 4038 ut
990 3989 1142 4039 sexcenties
1166 3989 1194 4036 ei
1218 3990 1247 4037 in
1266 3995 1296 4036 et
1313 3998 1474 4056 corruptum
1492 4001 1545 4039 est.

216 4086 255 4104 -
273 4067 301 4111 et
320 4061 422 4114 Ceteri.
462 4059 603 4112 Toleravit
623 4063 708 4112 etiarn
728 4056 840 4124 wolfi,
873 4064 938 4132 quis
963 4067 991 4111 st
1016 4077 1066 4130 pro
1092 4065 1177 4112 ettam
1196 4058 1269 4132 apud
1289 4063 1346 4115 Cic.
1364 4058 1545 4129 agnoscebat.

187 4196 189 4211 ,
217 4136 319 4206 Sisque
341 4140 384 4189 uix
405 4139 546 4187 immursrt
568 4150 658 4206 potest
678 4132 771 4206 paullo
790 4150 870 4189 ante:
889 4134 980 4197 Probe
998 4134 1093 4188 atille.
1120 4135 1285 4206 Plerumque
1300 4152 1392 4189 samen
1406 4134 1448 4188 sel
1461 4152 1545 4189 ssusss

215 4213 298 4283 ipso,
327 4211 371 4265 vsi
390 4209 460 4267 Cdd.
478 4209 656 4264 mouentibus
673 4225 720 4265 sur
732 4207 888 4263 'delendum
907 4225 964 4274 est,
983 4225 1031 4264 sut
1051 4211 1247 4283 corrigendum
1266 4211 1309 4265 vel
1328 4217 1428 4276 stiam,
1448 4209 1490 4265 vel
1507 4217 1543 4264 st.

217 4283 262 4341 Ad
275 4286 345 4340 baec
359 4286 412 4340 uia
425 4289 502 4339 enirn
516 4283 659 4339 reducitur
671 4284 786 4339 levicula
800 4290 852 4340 ista
867 4290 1003 4358 quaestio.
1035 4286 1072 4352 (⁸)
1088 4302 1126 4339 co
1138 4287 1272 4339 ostendas
1283 4287 1370 4350 ΟΠ..
1389 4303 1420 4340 us
1434 4284 1543 4340 volebat

216 4361 308 4416 nonu.
321 4378 359 4416 no
371 4360 537 4415 ostendatur
543 4359 576 4414 de
584 4362 701 4433 D.susp.
709 4360 778 4415 Lali.
784 4361 837 4416 W.
849 4368 875 4417 2.
890 4363 1001 4415 Residui
1009 4359 1079 4416 Cdd.
1089 4361 1239 4431 lectionem
1250 4379 1313 4415 cum
1322 4362 1431 4436 Wopk.
1443 4380 1469 4434 p.
1480 4367 1543 4420 102.

216 4452 245 4491 st
258 4437 397 4492 Nissenio.
410 4437 490 4490 Nihil
498 4440 574 4489 enirn
592 4434 702 4490 absurdi
714 4433 841 4509 equidem
851 4442 881 4491 iu
898 4454 931 4491 eo
944 4436 1039 4502 rideo,
1051 4452 1082 4491 ut
1099 4454 1132 4490 ex
1146 4456 1171 4491 v.
1189 4442 1299 4490 curatio
1311 4435 1472 4491 demutatus
1486 4437 1543 4491 lul.

217 4515 282 4579 „ts,
292 4518 339 4585 qut
347 4527 491 4567 curaturus
503 4511 572 4564 est.’'
586 4511 624 4587 (⁹)
636 4528 674 4565 co
683 4510 763 4563 utlaili
775 4513 806 4565 li.
820 4512 857 4567 D.
871 4512 955 4580 (nihil
965 4517 1067 4566 retinui
1081 4530 1194 4585 propter
1206 4514 1266 4567 Lu.
1280 4520 1307 4574 3.
1320 4515 1343 4580 §.
1360 4512 1417 4586 18.)
1430 4514 1481 4579 (ω)
1494 4515 1544 4569 Sic

216 4586 276 4662 (R.)
296 4591 375 4646 BCV.
396 4587 486 4644 Gebb.
506 4587 587 4660 Seqq.
607 4616 646 4630 ·-
663 4587 753 4641 addan
773 4586 845 4645 otc
866 4588 1021 4644 PASEML.
1059 4587 1110 4661 (¹¹)
1123 4604 1229 4641 aunon
1240 4590 1307 4644 Eru-
1323 4598 1348 4646 t.
1361 4589 1374 4663 [
1387 4589 1410 4660 ].
1435 4589 1486 4656 (12)
1495 4586 1545 4642 Sic

216 4665 277 4732 (R.)
302 4664 375 4723 O'tx.
402 4664 468 4718 atu.
495 4666 528 4716 1).
556 4663 608 4719 W.
635 4670 662 4718 2.
687 4694 723 4708 -
747 4663 868 4734 quodam
892 4664 1000 4726 Ceteri;
1031 4669 1115 4718 etiam
1141 4665 1197 4717 vt.
1218 4664 1286 4718 Lali.
1305 4670 1356 4731 (·-
1374 4663 1483 4734 quidem
1500 4662 1544 4733 b.)

215 4739 269 4813 (Β)
288 4742 336 4796 ste
356 4738 416 4817 (ii.)
436 4742 466 4793 P.
486 4741 548 4793 mC.
570 4743 600 4791 V.
622 4740 712 4794 Gebb.
732 4738 814 4810 Seqq.
833 4755 872 4792 ω
890 4744 1054 4792 omittemus
1076 4740 1258 4795 insecuti..
1305 4740 1357 4813 (¹⁴)
1381 4769 1420 4783 -
1444 4758 1545 4811 suspe-

215 4821 324 4869 en'am
343 4814 409 4870 Mi..
448 4813 499 4883 (¹⁵)
519 4828 557 4866 ec
575 4818 659 4866 cnara
679 4817 743 4869 ML.
763 4814 879 4881 Places,
897 4831 928 4871 ut
947 4819 984 4868 sir
1004 4832 1106 4869 norum
1125 4820 1277 4870 curationis
1294 4832 1389 4890 genus.
1428 4813 1545 4873 lsi-Cdd.

215 4891 302 4947 nullis
323 4895 431 4965 sepem
450 4889 554 4960 alioqui
574 4893 750 4963 recepissem.
