3384 5359
615 317 708 380 ms.
731 315 796 379 ιν.
842 312 885 381 c.
907 290 941 380 a'.
965 317 997 427 ι.Ι
1020 315 1053 380 s.
1084 342 1086 349 ,
1378 394 1383 397 ,
1432 266 1492 383 too

249 458 316 522 IV.
339 457 404 522 Sed
424 457 571 521 defendat
592 461 679 544 quod
702 456 835 542 quisque
856 456 995 532 sentit¹3
1025 468 1098 520 sunt
1126 454 1209 520 enim
1230 455 1345 521 indicia
1367 438 1490 522 libera⁴t

161 572 224 614 nos
239 551 416 615 institutum
431 552 627 635 tenebimus,
646 552 960 635 nttttiteque²·11sius
976 550 1157 633 disciplinae
1172 550 1297 636 legibus
1313 553 1489 628 adstricti³,

30 716 38 741 1
92 719 106 725 -
128 712 142 727 ‚
162 647 280 728 quibus
302 645 332 708 in
355 645 560 733 philosophia
581 647 763 709 necessario
785 666 971 728 pareamus,
1006 645 1083 731 quid
1104 645 1145 708 sit
1167 647 1197 709 in
1221 666 1344 728 quaque
1366 666 1402 710 re
1425 669 1491 709 ma·

162 739 249 802 xime
277 740 464 822 probabile,
501 761 629 822 semper
656 739 866 823 requiremus.
925 740 1024 821 Quod
1052 760 1147 821 quum
1174 760 1268 820 saepe
1292 738 1387 815 alias,
1426 752 1491 802 tum

162 855 268 914 nsiper
289 835 321 897 in
344 835 527 899 'l'useulauo
550 828 693 899 studiole
716 834 852 918 egimus.
910 834 1025 917 Itaque
1054 832 1210 914 expositis
1232 831 1329 895 tridui
1352 833 1492 915 disputi-

162 926 324 1002 tionibus,
360 940 493 1012 quartus
515 930 581 993 dies
602 931 667 994 hoe
689 930 774 993 libro
796 929 1029 992 concludunt.
1084 929 1129 992 Ut
1149 928 1230 989 enim
1253 927 1283 989 in
1307 922 1491 992 inferiorem

162 1021 409 1084 ambulationem
432 1022 669 1097 descendimus,
694 1026 781 1106 qnod
802 1023 980 1085 feceramus
1001 1021 1104 1084 idern⁵
1127 1021 1344 1104 superioribus
1365 1022 1488 1096 diebus,

162 1126 234 1179 aeta
256 1136 308 1177 res
330 1127 378 1176 est
399 1115 476 1179 siet.
532 1117 564 1179 8.
586 1120 643 1181 M.
667 1116 783 1191 Dicat,
817 1116 844 1177 si
874 1111 943 1199 quis
970 1115 1056 1190 vult,
1093 1135 1155 1199 qua
1177 1119 1216 1177 de
1238 1116 1294 1178 re⁷
1317 1113 1492 1196 disputari⁸

164 1208 255 1273 velit.
313 1211 358 1277 Α.
390 1211 465 1273 Non
495 1209 571 1273 mihi
602 1209 725 1273 videtur
754 1210 840 1275 omni
870 1208 963 1271 animi
985 1209 1226 1290 perturbatione
1248 1230 1344 1290 posse
1366 1210 1491 1292 sapiens

162 1320 292 1377 vacare.
336 1306 391 1367 M.
416 1302 627 1387 Aegritudine
647 1303 774 1386 quidem
797 1305 946 1366 hesterna
967 1302 1180 1389 disputatione
1203 1302 1394 1391 ridebatur:
1432 1303 1491 1366 nisi

73 1461 76 1464 ,
163 1397 252 1459 forte
274 1398 427 1478 temporis
450 1419 543 1459 causa
566 1396 680 1459 nobis⁹
701 1397 929 1461 assentiebare.
975 1400 1021 1462 A.
1037 1395 1172 1460 Minime
1194 1418 1296 1460 vero:
1322 1420 1393 1461 nam
1418 1397 1492 1460 mihi

138 1489 299 1575 egregie
326 1493 461 1573 probata
492 1504 539 1555 est
565 1492 671 1554 oratio
694 1503 759 1555 tna.
814 1495 871 1557 M.
905 1493 980 1555 Non
1008 1489 1106 1575 igitur
1133 1490 1293 1553 existimas
1322 1495 1436 1555 eadere
1462 1492 1492 1554 in
1551 1492 1553 1501 ’

160 1583 335 1665 sapientem
357 1583 612 1667 aegritudinem?
633 1588 679 1651 Α.
703 1587 846 1650 Prorsus
869 1607 933 1649 non
957 1584 1112 1649 arbitror.
1157 1587 1213 1648 Μ.
1237 1585 1359 1670 Atqui,
1382 1586 1409 1650 si
1432 1587 1490 1649 ista

156 1680 350 1760 perturbare
380 1678 517 1741 animum
544 1678 695 1761 sapientis
724 1700 789 1744 non
811 1691 937 1763 potest,
976 1678 1061 1742 nulla
1084 1677 1216 1760 poterit.
1276 1678 1363 1760 Quid
1384 1679 1491 1743 enim?
1546 1678 1558 1695 ⁸
1617 1699 1623 1707 ·

158 1783 301 1836 metusne
328 1772 524 1836 conturbet?
559 1784 589 1835 at
599 1774 625 1813 ¹⁰
654 1794 762 1837 earum
791 1780 899 1837 rernm
921 1783 971 1836 est
992 1771 1169 1837 absentium
1192 1782 1317 1847 metus,
1347 1788 1490 1858 'quarum
1596 1822 1599 1825 ,

158 1866 372 1949 praesentium
395 1876 443 1928 est
466 1865 653 1950 aegritudo.·
705 1868 835 1932 Sublata
859 1866 959 1952 igitur
987 1864 1204 1950 aegritudine,
1239 1866 1416 1929 sublatus¹¹
1444 1879 1491 1930 est

159 1974 275 2024 metus.
334 1961 466 2024 Restant
487 1961 568 2025 ditae
589 1962 867 2044 perturbationes,
893 1961 1008 2024 laetitia
1033 1959 1173 2045 gestiens
1196 1972 1228 2023 et
1249 1959 1372 2029 libido:
1410 1984 1491 2045 qnae

159 2055 188 2119 si
217 2075 283 2119 non
311 2058 422 2117 cadent
450 2056 482 2118 in
515 2055 710 2138 sapientem,
750 2078 878 2139 semper
910 2077 997 2118 mens
1031 2055 1092 2118 erit
1123 2055 1292 2138 tranquilla
1326 2057 1490 2138 sapientis.

159 2152 193 2213 9.
217 2152 263 2214 Α.
293 2149 348 2212 Sic
375 2171 513 2233 prorsus
541 2140 699 2263 intelligo.
757 2154 814 2216 Μ.
846 2151 960 2215 Utrtim
983 2148 1083 2234 igitur
1105 2147 1230 2212 mavis?
1262 2148 1407 2212 statimne
1430 2172 1490 2213 nos

159 2244 233 2307 vela
262 2243 390 2319 lacere,
426 2267 463 2308 an
493 2244 584 2329 quasi
613 2256 751 2328 eportu
773 2244 973 2331 egredientes
995 2243 1170 2328 paullulum
1192 2241 1409 2328 remigasse?
1443 2246 1489 2309 A.

160 2338 318 2429 Quidnam
341 2352 389 2402 est
409 2336 550 2403 istue'3?
571 2359 635 2403 non
658 2340 740 2403 enim
762 2338 921 2425 intelligo.
1032 2326 1037 2353 ¹

246 2434 294 2496 V.
317 2436 373 2500 M.
392 2432 481 2521 'Quia
505 2430 707 2514 Chrysippus
729 2445 760 2496 et
783 2433 908 2511 Stoici,
943 2448 1039 2519 quum
1061 2435 1105 2497 de
1126 2431 1221 2496 animi
1242 2429 1491 2514 perturbationi·

160 2529 224 2591 bns
243 2518 425 2613 disputant,
449 2548 598 2611 magnam
619 2538 742 2609 partem
764 2525 887 2592 iniis¹⁴
907 2528 1080 2610 partiendis
1095 2540 1127 2591 et
1144 2527 1327 2591 deliniendis
1343 2527 1491 2611 occupati

162 2631 258 2694 sunt;
280 2618 332 2684 illa
354 2641 466 2685 eorum
481 2621 664 2715 perexigua
688 2621 793 2685 oratio
816 2634 883 2698 est,
908 2644 971 2707 qua
991 2624 1176 2686 medeantur
1199 2621 1327 2698 animis,
1351 2642 1411 2685 nec
1425 2636 1488 2686 'eos
1589 2645 1592 2655 ¹

159 2715 364 2779 turbulentos
387 2735 456 2778 esse
476 2716 654 2799 patiantur:
678 2714 885 2798 Peripatetici
899 2728 1000 2780 antem
1016 2719 1055 2779 ad
1069 2718 1242 2798 placandos
1257 2714 1379 2780 animos
1395 2718 1490 2779 multa

160 2809 316 2887 afferunt3
349 2809 454 2892 spinas
486 2809 642 2893 partiendi
670 2821 702 2873 et
733 2809 901 2873 deliniendi
933 2809 1190 2893 praetermittunt
1224 2840 1266 2853 -
1297 2812 1489 2895 quaerebam

160 2902 279 2989 igitur,
309 2916 416 2967 utrum
446 2908 619 2987 panderem
648 2905 719 2968 vela
743 2903 933 2969 orationis¹⁵
955 2902 1079 2982 statim,
1118 2926 1157 2968 an
1179 2926 1247 2968 eam
1271 2910 1342 2968 ante
1363 2905 1490 2986 paullu-

161 2997 227 3060 lum
250 2988 489 3063 dialeotieorum
511 2999 608 3061 remis
630 2998 859 3081 propellerem.
903 3000 948 3063 A.
970 2999 1039 3062 Isto
1060 3000 1156 3062 modo
1178 3020 1273 3063 vero.
1318 2999 1391 3063 Erit
1408 2998 1489 3062 enim

93 3086 98 3095 “
157 3091 225 3154 hoe
255 3102 376 3168 totum,
415 3094 502 3174 quod
531 3112 670 3176 quaero,
709 3113 750 3157 er
778 3104 918 3177 utroque
940 3092 1161 3175 perfectiusffi.
1221 3095 1273 3156 to.
1296 3096 1352 3180 M.
1376 3092 1437 3155 Est
1459 3093 1491 3154 id

159 3183 288 3268 qnidam
311 3184 448 3260 reetins3
469 3186 562 3248 sed¹⁷
583 3197 658 3268 post
679 3186 840 3271 requires,
866 3186 893 3251 si
915 3188 993 3272 quid
1012 3188 1111 3252 suerit
1133 3187 1313 3252 obscuriust
1358 3189 1403 3252 Α.
1425 3188 1504 3252 Fa·-

159 3277 243 3341 ciam
258 3279 422 3364 equitent
447 3290 481 3343 tn
495 3290 619 3357 tamen,
643 3291 678 3344 ut
692 3281 797 3359 soles,
822 3280 908 3346 dices
922 3280 983 3346 ista
999 3281 1066 3365 ipsa
1082 3284 1220 3347 obseura
1235 3281 1358 3365 planius
1369 3280 1489 3364 {quam

539 3482 553 3509 ο
578 3476 584 3493 ,
840 3496 843 3503 .
1466 3474 1471 3487 .

235 3524 274 3601 (¹)
294 3529 341 3582 sle
361 3530 392 3583 ll.
413 3529 464 3583 Gr.
485 3529 562 3583 SEV.
584 3530 676 3584 Geth.
691 3530 772 3604 Seqq.
784 3560 823 3575 -
835 3528 975 3602 defendat
987 3531 1095 3603 quidem
1107 3532 1181 3605 qttod
1193 3532 1265 3588 021.
1281 3533 1439 3588 PABCML.
1453 3562 1491 3578 -
1605 3582 1612 3594 ,

159 3598 299 3672 defendat
318 3608 499 3676 unnsquisque
518 3604 593 3676 quod
610 3624 634 3662 s.
654 3606 711 3659 Pal.
734 3623 823 3679 quart.
872 3605 910 3681 (⁹)
941 3605 988 3661 Slc
1017 3607 1128 3663 annn.
1149 3608 1215 3680 aliq.
1234 3607 1304 3662 Cdd.
1326 3611 1403 3681 liegii
1424 3608 1489 3682 aliq.

159 3677 281 3732 sennen
308 3677 337 3735 Ε.
364 3679 514 3734 firmantes.
540 3682 575 3734 D.
596 3680 672 3736 onv.
690 3682 758 3737 LalL
781 3690 807 3739 1.
827 3682 880 3739 W.
901 3688 928 3739 2.
947 3698 986 3736 oo
1002 3685 1137 3755 nullisque
1158 3687 1189 3738 ll.
1211 3688 1343 3756 optimus.
1362 3684 1492 3737 PABSE·

159 3752 277 3807 Ct'ttl..
297 3752 388 3809 Gebb.
415 3755 495 3809 Haud
515 3760 614 3809 tractre
633 3763 676 3812 eto
694 3756 819 3812 delendis
839 3758 869 3812 b.
888 3757 907 3812 l
926 3759 1046 3813 Ntssen:
1077 3760 1190 3827 ,meldis
1214 3778 1285 3811 anns
1310 3757 1414 3813 dtettnr
1439 3777 1491 3833 pro

157 3828 254 3881 nntius
280 3833 385 3902 (potius
413 3848 464 3904 pro
488 3832 581 3883 aarum
599 3839 743 3901 οιιιιιὲιιοι)
763 3835 818 3887 boe
836 3849 929 3889 aetem
947 3833 1011 3889 loco
1030 3853 1101 3887 unus
1119 3851 1161 3889 est
1179 3843 1281 3889 certus.
1300 3830 1353 3888 olr.
1372 3833 1433 3893 stt.
1454 3842 1490 3902 5,

159 3906 186 3971 §.
206 3903 270 3964 822⁸
309 3904 347 3980 (³)
366 3935 405 3948 -
422 3906 560 3979 adscripti
578 3907 656 3982 Latet.
676 3907 725 3980 (D.
745 3913 775 3961 ln
792 3906 853 3962 Ed.
865 3915 920 3981 pr.)
958 3910 996 3978 (1)
1014 3940 1053 3955 -
1071 3910 1250 3963 eommderur
1269 3908 1320 3964 Ed.
1335 3925 1387 3963 vet.
1401 3912 1490 3965 Boub.

159 3979 228 4032 Era.
258 3988 284 4038 1.
334 3979 373 4055 (5)
400 3981 448 4036 Sic
475 3982 505 4035 V.
531 3982 623 4038 Geth.
650 3984 731 4056 Seqq.
756 4006 795 4042 ,τ
820 3985 895 4036 idem
905 3983 970 4056 fic.
991 3986 1190 4040 PABSECML.
1241 3983 1279 4058 (⁶)
1299 3986 1346 4039 stc
1366 3987 1399 4039 tt.
1420 3984 1490 4040 Edd.

150 4053 322 4128 pleraeque,
353 4061 438 4111 etlam
465 4058 498 4110 V.
526 4068 553 4115 1.
580 4058 662 4130 seqq.
686 4089 726 4103 -
751 4066 1003 4123 acceptassent
1022 4060 1074 4115 SE.
1096 4090 1133 4104 -
1151 4065 1192 4113 sie
1210 4069 1277 4114 acta
1295 4078 1342 4113 res
1360 4068 1405 4112 est
1425 4062 1490 4116 ML.
1581 4054 1584 4063 ¹

158 4128 232 4183 batt
278 4130 316 4200 (⁷)
336 4161 375 4175 -
392 4132 426 4185 de
445 4151 501 4205 qua
518 4151 549 4185 re
569 4124 706 4189 Pasntt.
726 4134 787 4189 soli.
837 4134 876 4207 (³)
896 4153 960 4193 eum
979 4134 1050 4189 Cdd.
1068 4137 1101 4191 E.
1122 4135 1213 4191 Gebh.
1234 4137 1315 4210 seqq.
1334 4164 1372 4182 ·-
1390 4137 1491 4209 dispu-
1523 4130 1530 4145 ⁸

152 4215 226 4258 aare
251 4207 458 4262 rsuscvntt..
510 4207 548 4275 (⁹)
571 4234 608 4250 ·-
633 4226 690 4262 om.
719 4212 800 4263 nohis
825 4212 890 4264 Mt.
912 4214 994 4269 1566·
1015 4210 1106 4266 Gebh.
1126 4211 1196 4267 Lali·
1218 4221 1242 4269 t.
1283 4212 1492 4268 uehentum

150 4298 249 4408 :tlt
269 4282 627 4413 sublaturas
646 4284 733 4433 lul
749 4289 891 4415 (51511
908 4287 1492 4436 lstttl.1?‘..¹?;.3:⁰ltt.¹i·lr·.

149 4431 287 4487 PARSE.
337 4434 388 4501 (¹¹)
406 4450 445 4488 ω
463 4443 492 4487 et
509 4434 635 4485 sublatus
654 4439 736 4506 (11.1)
748 4436 812 4490 ’ΔΙίἰ
832 4434 902 4490 Cdd.
922 4435 1052 4491 Placebat
1072 4437 1201 4502 Wolfio,
1219 4442 1249 4490 tn
1269 4437 1421 4491 Praelectt.
1441 4455 1491 4511 pro

158 4512 257 4559 stiam.
284 4509 311 4561 tr
331 4514 406 4562 entm
427 4512 501 4564 buno
519 4508 705 4582 significatam
724 4527 796 4583 pert.
815 4520 844 4563 et
857 4510 1028 4585 approbabat
1041 4517 1126 4566 ettam
1140 4511 1213 4583 apud
1225 4514 1287 4568 Cio.
1301 4515 1414 4586 Receptt
1428 4531 1491 4568 eam

111 4614 119 4633 .
160 4583 216 4656 [].
249 4576 369 4638 'Morere
395 4600 423 4639 et
447 4587 518 4639 mllst
543 4584 722 4641 ltbrartorum
747 4604 827 4640 error
851 4587 975 4651 videtur,
1005 4606 1095 4661 neque
1121 4589 1204 4642 habet
1230 4590 1313 4643 Dera.
1337 4586 1388 4660 (-·
1405 4593 1492 4641 ettam

149 4659 230 4712 aubi.
250 4660 287 4712 D.
306 4662 380 4733 sulp.
400 4660 470 4712 subl.
489 4669 532 4713 est
551 4670 578 4712 et
598 4670 687 4715 nutus
705 4664 770 4729 Da.)
809 4663 860 4727 (¹²)
879 4692 917 4705 -
935 4664 1002 4714 vata
1012 4660 1133 4734 facere,
1153 4672 1295 4733 tarnqnam
1313 4683 1328 4714 e
1337 4683 1367 4737 p.
1382 4664 1489 4734 σῦκά(

160 4750 200 4787 an
222 4734 311 4804 pauli.
336 4737 502 4805 remigare?
534 4734 611 4790 Laid.
637 4739 766 4791 Perverse
795 4738 900 4804 lectio,
930 4743 984 4793 etei
1009 4738 1116 4813 placuit
1141 4739 1230 4793 Boub.
1281 4737 1332 4814 (¹³)
1355 4756 1395 4793 κ
1415 4740 1502 4790 detaut(
1604 4784 1605 4789 ,

160 4811 235 4867 ota
256 4810 308 4867 W·
328 4815 355 4866 2.
402 4807 454 4884 (11)
471 4838 511 4854 -·
528 4810 572 4863 tn
590 4812 803 4868 PABCVMLD.
823 4812 893 4865 Lell.
941 4810 991 4886 (¹5)
1018 4842 1057 4857 -
1076 4817 1201 4866 orassent
1219 4813 1271 4869 Da.
1289 4811 1401 4869 netum
1422 4815 1490 4868 Ero.
1506 4818 1537 4866 .“

160 4883 215 4960 (11)
234 4909 271 4925 -
286 4883 447 4959 perfeetum
464 4885 535 4942 cdd.
555 4887 621 4959 aliq.
640 4891 712 4955 (non
731 4890 779 4961 Β.)
798 4890 900 4961 quBC.
914 4886 982 4943 bell.
1014 4884 1072 4963 (17)
1090 4916 1128 4931 ·-
1146 4896 1175 4942 et
1193 4888 1230 4948 D.
1565 4904 1568 4915 ¹
