3384 5359
687 308 753 374 AD
775 309 869 373 LIB.
893 308 960 374 111.

549 479 1099 566 Abn1anuu1m

239 638 318 692 Car.
339 638 362 691 l.
404 638 450 688 Au
474 637 548 709 quod
567 644 695 707 corporis
716 643 879 710 pravitatem
902 648 930 691 et
948 639 1072 691 dolorem
1092 645 1186 691 animo
1209 639 1376 699 iudicamus,
1399 643 1508 690 animi'

154 714 288 766 morbum
313 731 430 785 corpore
458 732 514 765 non
541 714 706 786 sentimust]
732 716 937 784 Turpissimum
967 716 1014 768 bic
1040 714 1169 767 mendum
1201 719 1254 767 iam
1283 714 1329 767 diu
1357 715 1486 775 inoleri13

80 833 88 843 .
155 793 230 862 qultl
254 795 328 842 enim
349 794 536 861 estfcorporis
554 790 708 878 gqavitas?
734 789 805 842 nihil
828 788 902 841 aliud
925 795 978 842 nisi
997 790 1124 861 pondus:
1152 806 1178 843 et
1199 789 1263 860 quid
1287 790 1318 841 ad
1341 791 1393 841 hoc
1417 807 1485 862 opus

157 881 205 918 est
230 880 287 918 arte
312 863 420 917 medica
443 881 470 917 et
493 866 655 917 curatione?
688 880 751 915 narn
777 866 883 936 pondus
906 871 999 936 utique
1025 882 1081 917 non
1103 881 1142 917 est
1165 865 1286 918 morbus.
1334 866 1404 937 Lege
1426 870 1486 918 sine

157 940 265 1004 dubio,
293 958 332 990 aa
354 939 428 1010 quod
450 945 576 1009 corporis
602 938 868 992 PRAVJTATEM
887 948 916 991 et
939 940 1062 991 dolorem
1088 945 1182 992 aestiuo
1208 940 1368 993 indicimus.
1408 939 1486 990 Pra-

156 1022 242 1068 vitas
264 1030 306 1067 est
326 1013 501 1080 deformitas,
528 1013 657 1067 distortio
677 1003 987 1087 membrorum.‘lirgo
1007 1032 1081 1069 recte
1105 1017 1150 1067 hic
1174 1020 1262 1086 iungit
1288 1015 1341 1067 duo
1361 1020 1486 1084 torporis

156 1090 249 1153 mala,
278 1107 395 1160 quorum
421 1088 501 1142 dolor
524 1105 565 1142 est
590 1088 718 1154 morbus,
751 1094 870 1161 pravitas
893 1095 997 1143 sitium.
1038 1093 1115 1143 idem
1139 1090 1267 1143 mendum
1292 1095 1374 1142 etiam
1399 1091 1486 1143 alium

158 1166 256 1220 locuni
280 1168 425 1238 occupavit
448 1163 481 1217 de
505 1164 618 1217 Finibus
642 1165 688 1229 lV,
711 1171 754 1222 12.
796 1167 835 1216 At
857 1183 926 1216 vero
947 1172 1080 1236 grauitate
1105 1167 1287 1220 membrorum
1309 1174 1336 1216 et
1358 1171 1486 1216 cruciatu

158 1242 291 1294 dotorum
314 1246 340 1291 si
358 1246 419 1311 quis
440 1255 517 1310 quem
539 1240 628 1324 terretl
658 1257 792 1308 magnam
813 1244 891 1291 ineat
913 1246 1048 1308 gratiam.
1094 1243 1223 1313 Corripe,
1247 1246 1376 1312 inquam,
1402 1243 1482 1293 Pita-

146 1316 313 1380 ΙνΙΤΑΤΕε
335 1332 362 1368 et
383 1315 512 1388 indignor
531 1315 656 1385 equidem
678 1331 718 1367 tot
740 1329 855 1388 magnos
875 1321 1037 1387 interpretes
1057 1333 1113 1369 tam
1135 1324 1253 1386 graviter
1272 1315 1428 1388 lippirisse.
1454 1329 1485 1368 ut

158 1391 233 1444 haec
255 1409 310 1442 non
333 1389 466 1443 riderent.
505 1391 621 1459 Quoties
645 1395 719 1441 enim
742 1389 784 1441 rel
804 1396 863 1461 ipse
884 1393 981 1443 Cicero
1002 1408 1095 1445 corant
1115 1391 1203 1444 oculis
1223 1408 1313 1443 reram
1333 1391 1485 1452 lectionem

157 1467 270 1540 posuit!
298 1467 337 1518 lle
359 1465 470 1518 Finibus
494 1465 527 1528 V,
555 1471 597 1522 t7.
636 1466 713 1517 Nam
735 1470 761 1516 si
786 1469 950 1538 pravitatem
973 1474 1002 1518 et
1024 1473 1243 1518 imminutionem
1264 1471 1389 1536 corporis
1409 1484 1484 1535 pro-

155 1551 227 1614 pter
244 1560 274 1593 se
297 1540 466 1609 fitgieadam
481 1550 623 1612 putamus.
662 1537 697 1593 Et
718 1539 837 1605 ibidem,
860 1543 891 1593 Si
910 1561 963 1613 qua
985 1547 1015 1593 irt
1037 1543 1166 1595 membris
1188 1558 1285 1615 prava,
1312 1550 1361 1592 aut
1382 1540 1485 1592 debiti-

159 1625 238 1680 tata,
260 1625 311 1666 aut
328 1621 473 1668 imminuta
491 1622 557 1670 sint.
585 1616 826 1687 Del2eq.l‚19.:
856 1619 902 1680 Aa
921 1622 1046 1686 corporis
1065 1622 1222 1689 pravitates,
1241 1623 1267 1667 si
1283 1625 1367 1667 eruut
1382 1621 1484 1685 peria-

159 1698 274 1761 sigues,
306 1689 444 1743 habebunt
465 1691 572 1761 aliquid
592 1684 770 1760 offiasioaist
799 1696 887 1743 animi
907 1690 1077 1763 deformitas
1101 1711 1157 1744 nort
1182 1692 1313 1743 habebit?
1336 1692 1407 1763 Ipsis
1426 1690 1485 1744 Tu·
1542 1681 1545 1694 ¹

160 1766 286 1821 sculanis
308 1769 353 1831 lt',
379 1774 422 1827 15.
462 1768 586 1829 Vitium,
612 1784 693 1837 quum
708 1774 807 1837 partes
826 1774 954 1841 corporis
973 1774 1047 1819 iuter
1065 1786 1094 1819 se
1113 1765 1266 1828 dissideutt
1290 1786 1327 1818 ex
1346 1785 1398 1837 quo
1417 1781 1486 1839 pra·

160 1848 233 1896 vitas
253 1842 450 1904 membrorum,
472 1841 621 1905 distortio,
648 1841 827 1910 deformitas.

237 1916 316 1969 Car.
337 1919 374 1970 lt.
402 1917 473 1968 Tum
488 1919 574 1990 piane
594 1915 736 1989 inficimur
754 1922 913 1989 opinionum
931 1923 1095 1990 pravitate,
1121 1935 1140 1968 a
1158 1927 1329 1985 naturaeque
1348 1916 1484 1967 descisci·

160 2009 238 2056 uuas,
265 2000 296 2042 ut
317 1994 397 2044 nobis
419 1998 551 2061 optimam
574 2008 699 2045 naturam
724 1993 858 2044 invidisse
882 1995 1049 2058 videantur,
1080 1998 1127 2064 qui
1147 1992 1220 2044 nihil
1236 1994 1332 2043 melius
1350 1992 1484 2064 populari

159 2069 258 2137 gloria
277 2067 485 2139 iudicaverunt]
513 2068 590 2121 Nihil
610 2072 778 2120 invenustlus
799 2068 851 2120 hac
870 2068 1006 2132 lectione,
1028 2070 1056 2119 A
1075 2084 1189 2130 natura,
1219 2072 1324 2140 inquit,
1350 2067 1482 2138 descisci-

159 2160 239 2208 mus,
261 2152 293 2194 ut
311 2143 391 2194 nobis
413 2149 547 2212 optimam
570 2158 705 2196 naturam.
744 2143 843 2196 Putida
867 2143 947 2215 plane
967 2148 1107 2216 repetitio.
1146 2141 1254 2214 frigide
1273 2148 1355 2195 etiarn
1376 2148 1483 2213 optima

160 2217 280 2281 dicitur,
301 2214 380 2290 quue'
394 2233 446 2269 una
470 2233 496 2271 et
519 2220 634 2291 simplex
655 2233 705 2271 est.
745 2218 883 2290 Frigidius
905 2235 986 2282 vero,
1014 2219 1141 2269 inuidere
1164 2219 1242 2269 notis
1261 2228 1411 2269 natrtram:
1434 2222 1481 2288 qui

159 2297 237 2346 enim
266 2293 320 2346 hoc
349 2292 483 2358 fecerint,
512 2309 562 2345 nos
588 2309 727 2364 nunquam
753 2309 833 2346 natos
860 2312 919 2347 esse
945 2294 1061 2346 vellent:
1093 2292 1165 2364 qnod
1189 2311 1272 2365 genus
1300 2293 1417 2346 invidiae
1444 2311 1479 2345 ne

159 2372 311 2421 somniarit
334 2369 381 2421 hic
400 2386 416 2438 q
437 2369 511 2424 s'em
533 2369 641 2422 Cicero.
680 2368 751 2438 Lege
774 2386 839 2420 vero
862 2374 1018 2422 certissima
1042 2369 1250 2421 emendatione:
1277 2371 1305 2419 A
1326 2376 1481 2438 naturaque

159 2443 353 2507 desciscimus,
373 2452 405 2495 stt
421 2444 501 2494 euobis
516 2449 648 2505 optt'mam
666 2443 894 2498 MAGISTRAM
914 2445 1048 2495 invidisse
1068 2444 1228 2497 videantur.
1267 2443 1368 2496 Facilis
1388 2458 1481 2495 autem

1380 2519 1470 2530 ——a

67 2599 76 2604 ,
158 2534 352 2594 Librariorum
370 2536 461 2609 lapsus
481 2555 514 2610 ex
532 2535 728 2609 compendiosa
749 2541 901 2609 scripturn
925 2537 979 2590 hoc
1002 2533 1076 2589 enim
1100 2541 1140 2589 sic
1162 2535 1356 2594 abbreviabant
1378 2554 1480 2600 mrum,

158 2628 228 2683 illud
245 2619 336 2683 aran-t.
374 2630 471 2700 Qualis
490 2648 555 2683 vero
573 2634 709 2684 sententia
727 2647 801 2683 nunc
820 2635 957 2695 exoritur,
981 2648 1062 2701 quam
1082 2634 1235 2694 eomtnnr,
1258 2647 1338 2700 quant
1355 2630 1480 2701 eiegans!

160 2722 191 2760 tu
211 2711 270 2758 sine
291 2703 619 2777 dubitatioueaccipies,
646 2721 688 2759 sat
718 2711 785 2759 scio.
824 2706 872 2757 Sic
891 2705 957 2758 alibi
978 2707 1078 2759 Noster
1097 2707 1229 2760 Naturam
1258 2706 1377 2779 appellat
1402 2711 1482 2777 optt-

159 2799 235 2833 mam
254 2786 438 2856 magistram,
458 2786 590 2852 optimam
608 2781 720 2833 discerne
740 2798 770 2833 ut
791 2785 882 2851 capite
902 2786 1057 2852 superiore,
1078 2780 1160 2850 Quod
1176 2787 1202 2832 si
1221 2782 1292 2833 tales
1311 2799 1363 2832 aas
1377 2783 1480 2834 Natura

159 2862 319 2926 genstisset,
349 2865 380 2907 tet
404 2865 465 2908 edm
491 2861 580 2928 ipsam
606 2862 708 2908 intueri
731 2864 760 2907 et
782 2861 954 2927 perspicere,
986 2857 1132 2926 eademque
1157 2862 1262 2928 optima
1283 2856 1351 2909 duca
1370 2874 1481 2907 cursitas

159 2936 238 2983 vitae
258 2927 394 3002 conficere
410 2937 557 3003 possimus.
584 2933 636 2985 ‘Dc
656 2931 767 2984 Finibus
789 2932 818 2995 l,
839 2939 886 2988 21.
924 2932 955 2982 Si
972 2929 1104 3002 infantes
1122 2940 1151 2982 et
1166 2938 1263 3003 pueri,
1284 2939 1375 2983 mistae
1394 2937 1481 2983 ctiam

158 3006 282 3069 bestiae,
308 3025 397 3077 poene
421 3008 584 3077 loquuntur,
614 3012 744 3078 rnapistra
770 3022 802 3058 ac
828 3005 897 3058 duce
919 3007 1039 3072 Natura,
1065 3006 1139 3058 nibil
1160 3025 1218 3059 esse
1240 3024 1405 3077 prosperum
1425 3010 1481 3056 nisi

159 3082 342 3153 voluptatem.
380 3083 421 3134 De
442 3087 589 3135 Senectute
610 3099 668 3155 cup.
689 3089 715 3137 2.
741 3088 771 3133 t'a
795 3080 846 3134 ltoc
871 3100 965 3132 sttraus
983 3088 1138 3155 sapientes,
1164 3081 1237 3154 quod
1253 3083 1385 3136 Naturam
1407 3086 1480 3153 opti-

158 3173 237 3214 mam
257 3154 373 3221 ducem,
399 3165 541 3227 tamquam
559 3157 655 3222 mum,
686 3165 831 3228 sequimur.
875 3158 917 3210 De
937 3161 1069 3211 Amicitia
1088 3175 1148 3229 cap.
1169 3163 1195 3214 5.
1241 3158 1313 3226 Quia
1332 3162 1481 3226 sequimur,

158 3242 293 3302 quantum
310 3231 435 3283 homiues
450 3242 581 3305 possunt,
611 3249 754 3299 naturam,
771 3236 916 3306 ,optimam
935 3232 1006 3286 bene
1026 3233 1132 3285 vivendi
1159 3230 1265 3285 dacem.
1311 3234 1351 3284 De
1372 3229 1478 3285 otfictts

160 3309 193 3373 l,
214 3312 259 3368 35.
296 3307 450 3360 Retineuda
474 3316 517 3359 est
539 3313 630 3376 igitur
653 3307 735 3359 httirts
757 3314 871 3377 generis
894 3308 1079 3369 verecundia,
1101 3312 1271 3377 praesertim
1295 3309 1394 3361 nature
1419 3312 1480 3380 ipsa

159 3387 294 3456 magistra
314 3399 341 3435 et
363 3382 440 3436 dute.
480 3385 552 3455 Ergo
573 3400 693 3437 recreet
714 3401 774 3436 rere
794 3386 840 3436 hie
860 3383 938 3438 locus
959 3387 1101 3436 restitutus
1121 3399 1173 3436 est.

235 3459 315 3510 cte.
337 3458 373 3511 ll.
402 3458 559 3528 Verumque
578 3461 655 3510 ittam
673 3457 846 3510 honestatem
865 3467 1012 3528 expetens,
1046 3476 1127 3528 quam
1152 3473 1207 3510 una
1231 3466 1336 3509 natm
1356 3463 1478 3509 manime

159 3536 290 3604 laquirit]
318 3530 392 3601 Quid
412 3533 466 3586 sibi
485 3533 542 3586 vult
563 3553 618 3586 rma
636 3535 761 3584 natura?
790 3550 825 3587 an
844 3534 935 3607 plures
955 3534 1039 3586 suut'i
1067 3531 1113 3585 sed
1134 3551 1205 3598 ttua,
1233 3538 1377 3605 inquiunt,
1408 3531 1479 3585 valet

159 3608 230 3662 sola.
257 3607 351 3676 Quid?
369 3625 404 3661 an
421 3608 478 3661 sola
495 3626 591 3661 natura
608 3611 779 3662 honestatem
799 3611 921 3681 expetiti
941 3624 1035 3660 annon
1052 3624 1079 3660 et
1093 3607 1280 3679 Philosophia,
1302 3625 1376 3661 recta
1396 3611 1478 3672 ratio,

158 3685 266 3736 virtuti
285 3683 356 3755 Lege
371 3689 465 3756 igitur,
485 3684 699 3759 qtmquNAM‚
720 3684 747 3737 id
767 3700 819 3747 est,
838 3684 936 3736 solam.
964 3686 1058 3754 Neque
1078 3684 1158 3737 aliter
1178 3683 1321 3737 ediderunt
1335 3684 1477 3740 Manutius

158 3773 189 3814 ct
205 3757 373 3811 Lambinus:
405 3759 453 3813 sed
473 3755 635 3814 Gebhardus
659 3758 804 3812 codicibus
821 3763 877 3812 suis
898 3763 1070 3832 mancipatos
1089 3757 1123 3810 de
1143 3775 1218 3812 textu
1238 3776 1264 3812 et
1284 3759 1347 3820 loco
1366 3757 1481 3811 deiecit.

236 3837 314 3886 Car.
335 3836 382 3888 Vl.
409 3833 467 3887 Sed
483 3844 526 3886 est
546 3834 699 3888 naturabile
719 3840 750 3885 ia
768 3840 871 3886 animis
888 3843 1012 3886 tenerum
1032 3833 1162 3905 quiddam
1181 3843 1265 3904 atque
1284 3835 1381 3899 molle,
1405 3832 1480 3903 quod

158 3908 340 3977 aegritudine
358 3915 439 3980 quasi
457 3918 619 3981 tempestate
638 3916 796 3980 quatiatur]
829 3911 871 3963 Er
891 3909 1034 3972 codicibus
1055 3915 1167 3982 scriptis
1188 3910 1233 3962 alii
1253 3908 1409 3960 natrtrabiie
1430 3909 1479 3961 ha·

157 3984 243 4049 beat,
262 3983 309 4038 alii
329 3984 468 4038 naturale.
506 3986 550 4038 Tu
571 4003 634 4038 cum
655 3986 804 4038 Gebhardo
823 3984 893 4037 illud
913 3985 1104 4057 amplecteris,
1123 3990 1186 4055 quia
1208 3984 1325 4038 librarii
1345 3983 1478 4037 vocabula

160 4064 228 4114 trita
248 4077 297 4131 pro
318 4059 468 4113 reconditis
488 4077 640 4133 supponere
660 4061 759 4124 solent,
780 4078 834 4112 nou
857 4066 915 4112 tice
936 4077 1022 4113 versa.
1051 4063 1133 4113 Recte
1154 4058 1277 4131 quidem:
1300 4076 1326 4112 et
1347 4060 1401 4112 hoc
1421 4059 1479 4131 ple·

157 4153 272 4206 rumque
294 4140 331 4188 ita
351 4152 379 4187 se
399 4135 491 4189 habet.
536 4134 589 4190 Sed
609 4154 642 4188 ex
661 4135 832 4206 generalibus
854 4135 908 4188 illis
931 4140 1003 4188 Artis
1023 4140 1118 4190 nescio
1138 4140 1216 4188 cuius
1236 4136 1357 4188 Celticae
1377 4135 1478 4207 regulis

157 4228 216 4263 non
237 4226 279 4262 est
299 4210 332 4264 de
351 4210 419 4263 locis
439 4210 554 4283 singulis
574 4217 708 4263 sententia
730 4209 852 4263 ferenda.v
893 4210 1027 4281 Equidem
1055 4229 1088 4263 ne
1110 4215 1139 4262 in
1159 4210 1205 4266 illo
1225 4208 1334 4281 quidem
1353 4209 1416 4276 lpco
1437 4214 1478 4263 De

61 4323 66 4330 -
157 4288 289 4344 Amicitia
310 4288 378 4358 Cap.
396 4286 478 4340 xxi.
503 4286 655 4344 uatttrabiti
680 4291 807 4337 amicitia
825 4286 954 4357 legerirm
981 4304 1068 4356 neque
1087 4304 1137 4359 pro
1157 4303 1212 4338 uno
1231 4300 1258 4337 et
1279 4285 1364 4337 altero
1382 4284 1479 4338 libra,
1559 4317 1563 4326 x

158 4366 203 4412 rio
223 4365 399 4432 pugnaverim
420 4361 547 4413 adversus
567 4378 679 4413 eentum
699 4362 784 4426 alios,
804 4367 851 4431 qui
871 4363 998 4412 natrtrali
1018 4360 1056 4413 ibi
1077 4360 1216 4418 exhibent,
1254 4362 1310 4413 Cur
1331 4362 1388 4413 ital
1413 4365 1479 4431 quia

158 4436 289 4489 Ciceroni
310 4440 361 4509 ipsi
381 4435 442 4507 plus
463 4436 573 4503 tribuo,
595 4452 676 4507 quam
696 4435 939 4490 eutvtrttibrarto.
978 4437 1071 4505 Quum
1092 4441 1165 4490 enim
1186 4435 1233 4487 ille
1252 4434 1323 4493 locis
1343 4433 1398 4489 iere
1418 4453 1479 4487 sen-

158 4514 247 4564 centis
266 4512 408 4563 naturalis
427 4527 556 4583 usurpet,
576 4529 626 4564 cur
645 4512 700 4565 ltoo
719 4527 746 4565 at
767 4510 815 4563 illo
833 4511 1003 4563 naturabilia
1022 4510 1139 4578 dixerit,
1163 4527 1218 4580 quo
1237 4509 1370 4564 vocabulo
1389 4527 1477 4581 neque

158 4590 218 4657 ipse
245 4585 327 4651 alias,
357 4604 447 4657 neque
466 4585 535 4639 altus
556 4592 698 4659 quisquam
718 4605 751 4640 eo
771 4585 864 4640 seculo
883 4584 956 4655 quod
975 4591 1077 4640 scimus
1097 4601 1138 4640 est
1157 4587 1241 4640 usual
1272 4586 1336 4644 Non
1357 4601 1477 4656 agnosco
1525 4589 1532 4596 '

158 4655 303 4716 Cicerbnis
324 4676 381 4715 tam
401 4661 560 4715 atiectatom
580 4677 608 4716 et
626 4661 807 4733 κακόζηλον.
838 4668 927 4733 Atque
947 4666 988 4714 sic
1008 4662 1040 4713 de
1061 4660 1148 4715 altero
1166 4661 1230 4714 loco
1249 4666 1358 4720 sentio:
1375 4664 1403 4718 in
1423 4660 1478 4713 hoo

158 4750 252 4789 autem
272 4753 401 4791 neutrum
427 4735 567 4809 prolecto,
591 4754 678 4808 neque
698 4737 855 4790 narrabile
873 4753 962 4807 neque
980 4739 1126 4800 naturate,
1145 4736 1237 4794 lacurn
1256 4736 1356 4792 habere
1376 4749 1477 4812 potest)

159 4811 257 4880 Qualis
277 4816 369 4877 eninr,
395 4811 434 4864 dii
453 4812 537 4878 boni,
564 4815 672 4865 oratioi
699 4812 752 4864 Est
770 4812 900 4864 natraale
919 4820 1043 4864 tenerum
1062 4811 1192 4882 quiddam
1211 4820 1240 4864 et
1257 4813 1346 4868 molle.
1384 4815 1476 4883 Apage

159 4890 243 4941 istam
263 4886 385 4942 scabiem
403 4903 431 4941 et
449 4891 618 4962 porriginem
637 4885 671 4940 ab
691 4888 804 4941 homine
823 4892 949 4941 omnium
969 4887 1134 4945 cultissimo.
1179 4889 1267 4962 Quis,
1296 4891 1343 4959 qui
1363 4886 1477 4941 Cicero-
