3384 5359
223 274 315 403 114¹·
475 232 876 344 ‘resonantiarum
898 236 1293 357 ntsronavrorsont

221 441 304 505 quae
332 430 404 485 stret
418 417 498 495 ,eis¹
527 418 648 485 morbis
678 419 857 495 eontraria;
891 441 973 503 quiae
994 417 1117 487 babent
1135 420 1176 485 ad
1197 441 1250 484 res
1272 430 1378 485 certas
1400 420 1559 487 vitiosam

222 512 432 597 offensionem
455 525 550 598 atque
572 514 750 581 fastidium:
782 514 895 577 deinde
916 512 1180 597 aegrotationes,
1204 535 1285 599 quae
1307 516 1507 597 appellantur
1535 542 1562 589 a

223 608 340 672 Stoicis
367 603 629 697 ἆρῥωστήματα,
663 608 798 691 bisqne²
827 607 902 672 item
932 607 1102 689 oppositae
1135 608 1314 673 contrariae
1336 610 1554 677 offensiones.

220 704 297 793 Hoc
317 704 393 767 loco
416 702 542 769 nimium
565 723 683 784 operae
705 702 903 767 consumitur
924 723 942 763 a
965 700 1101 779 Stoicis,
1137 702 1274 767 maxime
1298 723 1314 763 a
1338 701 1552 789 Chrysippo,

220 800 292 861 ditm
325 798 447 869 morbis
475 818 649 879 corporum
678 808 883 879 eomparatur
904 797 1091 881 morborum
1114 795 1208 861 anirni
1231 796 1420 862 similitudo.
1474 799 1560 879 Qua

221 893 368 957 oratione
381 890 604 973 praetermissa
620 889 745 955 minime
760 890 977 977 necessarin³,
1002 913 1057 966 ea,
1082 912 1162 977 quae
1182 913 1249 955 rem
1274 891 1450 967 continent,
1472 913 1557 974 per-

219 999 402 1051 tractemus.
448 987 500 1050 rt.
524 985 726 1070 Intelligatnr
747 986 865 1070 igitur,
889 984 1181 1067 perturbationem,
1208 985 1396 1051 iactantibus
1418 987 1557 1068 scopi·

219 1081 365 1145 ninnibus
388 1080 606 1145 inconstanter
628 1091 660 1142 et
681 1079 846 1155 turbide,-
864 1077 896 1140 in
918 1089 1007 1143 motu
1028 1099 1096 1142 esse
1119 1081 1285 1162 semperlz
1323 1102 1422 1164 quum
1444 1091 1557 1145 autent

221 1175 274 1249 hio
295 1176 409 1239 servor
432 1172 668 1259 concitatioque
691 1172 786 1238 aninsi
807 1171 1057 1248 inveteraverit,
1082 1185 1115 1235 et
1137 1186 1293 1257 tamqnam
1316 1175 1347 1237 in
1372 1174 1465 1237 venis·
1481 1196 1554 1238 me·

217 1268 374 1352 dullisque
396 1267 567 1345 insederit,
591 1279 656 1331 trun
679 1266 803 1332 exsistit
825 1276 857 1329 et
880 1267 1030 1341 morbus,
1056 1278 1087 1329 et
1109 1268 1311 1352 aegrotatio,
1337 1280 1368 1331 et
1392 1268 1554 1335 offensio-

216 1383 272 1426 nes
290 1364 384 1438 'eae⁵,
409 1383 490 1445 quae
514 1374 586 1425 strnt
609 1361 654 1425 eis
676 1362 796 1426 morbis
819 1358 1155 1445 aegrotationibusque
1177 1362 1372 1425 contrariae.

217 1502 220 1519 .
303 1458 368 1521 XI.
393 1458 503 1534 Haec,
541 1448 622 1541 quae
652 1457 745 1533 dico,
779 1452 979 1539 cogitatione
1000 1454 1084 1519 inter
1105 1477 1138 1518 se
1162 1455 1327 1531 differunt,
1363 1477 1399 1520 re
1421 1456 1553 1541 quidem

217 1542 385 1634 copulata6
406 1563 497 1626 sunt;
520 1551 641 1636 eaque⁷
664 1550 811 1616 oriuntur
833 1570 874 1611 ex
897 1547 1025 1611 libidine
1039 1556 1080 1611 'et
1101 1548 1266 1612 laetitia⁸.‘
1280 1551 1361 1623 Nam
1380 1572 1477 1634 quum
1498 1564 1551 1621 est

217 1645 385 1727 concupita
404 1644 556 1729 pecunia,
579 1667 639 1709 neo
653 1645 792 1709 adhibita
806 1640 958 1706 continno
972 1641 1078 1720 ratio,
1102 1644 1192 1728 quasi
1210 1645 1363 1717 ortaedarn
1380 1644 1552 1709 Socratica

153 1798 156 1805 ,
215 1740 388 1809 medicina,
423 1760 505 1825 qnae
526 1739 636 1803 torret⁹
669 1761 735 1803 eant
757 1737 979 1820 cupiditatem
1002 1748 1167 1819 permanat
1188 1736 1220 1800 in
1242 1759 1358 1814 venas,
1383 1752 1416 1804 et
1434 1738 1548 1804 inbae-

213 1845 266 1898 ret
286 1836 317 1898 in
341 1831 517 1897 viscoribus
539 1832 618 1896 illud
639 1833 773 1908 malum,
811 1829 999 1916 exsistitque
1025 1833 1156 1895 morbus
1178 1844 1210 1895 et
1232 1833 1432 1917 aegrotatio,
1464 1854 1548 1917 quae

216 1928 311 1991 evelli
323 1929 347 1968 ¹⁰
379 1928 551 1991 inveterata
592 1948 657 1991 non
695 1938 847 2009 possunt;
890 1925 981 2009 eique
1015 1927 1130 1990 morbo
1165 1946 1281 1990 nornen
1317 1937 1365 1990 est
1397 1927 1545 1991 avaritia.

216 2022 269 2086 ib.
294 2013 506 2105 Similiterque
528 2023 626 2085 ceteri
647 2021 770 2086 morbi:
802 2033 837 2083 ut
857 2019 992 2104 gloriae
1010 2019 1204 2102 cupiditas,
1227 2030 1263 2083 ut
1286 2019 1544 2099 mulierositas,

214 2125 250 2178 ut
270 2114 313 2177 ita
337 2114 493 2196 appellem
515 2135 602 2190 eam,
627 2117 741 2197 quaest
765 2116 890 2179 Graece
910 2108 1104 2205 φιλογὺνεια
1118 2112 1251 2187 dicitur;
1275 2114 1439 2196 ceterique
1456 2113 1544 2177 simi-

213 2206 322 2272 liter¹²
352 2207 456 2273 morbi
489 2210 791 2292 aegrotationesque
801 2211 827 2250 ¹³
860 2219 1045 2293 naseuntur.
1100 2208 1192 2287 Quae
1224 2220 1327 2271 autom
1355 2218 1430 2270 sunt
1458 2207 1547 2273 his¹⁴

215 2303 395 2379 contraria,
427 2324 463 2366 ea
494 2301 580 2365 nasci
601 2312 753 2384 putantur
776 2324 794 2365 a
816 2312 922 2365 metus
957 2313 993 2364 ut
1014 2302 1133 2366 odium
1154 2302 1357 2378 munierum,
1394 2302 1489 2386 quale
1511 2302 1543 2366 in

214 2392 382 2488 peaoyn'rup
404 2396 510 2461 Attilii
532 2398 632 2471 est¹⁵>3
656 2409 690 2461 ut
711 2396 750 2459 in
770 2396 981 2460 hominum¹⁶
1003 2395 1203 2461 uniuersum
1223 2416 1351 2479 genus,
1375 2398 1464 2478 quod
1489 2418 1543 2459 ac·

213 2489 355 2572 ,cepimus
388 2492 427 2554 de
456 2490 612 2573 Timone,
646 2490 703 2574 qui
729 2485 972 2575 μισάνθρωπος
999 2490 1193 2571 appellatum
1231 2500 1264 2551 ut
1284 2489 1543 2572 inhospitalitas

122 2664 126 2669 Δ
214 2595 280 2655 esti
304 2605 385 2666 qtrae
408 2605 517 2655 omnes
539 2583 776 2668 aegrotationes
798 2582 892 2647 animi
915 2606 956 2646 ex
978 2577 1115 2667 quodam
1141 2596 1225 2648 metu
1244 2596 1415 2647 naseuntur
1434 2605 1542 2646 earnm

214 2698 341 2752 rerunt,
377 2698 455 2760 quus
477 2676 658 2762 sangiuntet
681 2680 829 2742 oderunt.
875 2677 929 2740 26.
951 2676 1117 2741 Definiunt
1138 2689 1241 2743 autem
1264 2676 1359 2771 animi
1379 2688 1544 2760 aegrota

213 2771 354 2845 donem,
380 2769 629 2854 opinationem¹⁷
650 2772 865 2835 vehementem
881 2774 920 2835 de
936 2793 971 2835 re
986 2793 1050 2835 non
1066 2775 1252 2854 expetenda,
1276 2783 1434 2855 tamqnam
1450 2769 1541 2832 valde
1591 2794 1598 2815 =

214 2869 390 2949 expetenda
412 2866 513 2941 sitm,
534 2858 750 2929 inhaerenteni
774 2876 805 2929 et
826 2866 952 2948 penitus
976 2864 1110 2929 insitam.
1156 2867 1254 2946 Quod
1275 2872 1378 2928 autem
1401 2865 1542 2942 nascitur

215 2982 259 3023 ex
286 2959 481 3034 offensione,
516 2958 559 3022 ita
583 2958 752 3035 definiunt,
789 2959 1008 3041 opinionern¹⁹
1040 2961 1255 3023 vehementem
1285 2961 1322 3021 de
1345 2979 1380 3020 re
1402 2978 1466 3023 non
1488 2957 1542 3023 in.-

215 3052 346 3138 gienda,
372 3055 585 3118 inhaerentem
607 3064 640 3115 et
653 3052 777 3135 penitus
798 3052 943 3128 insitam,
968 3066 1126 3136 tamquam
1149 3053 1320 3139 fugienda:
1343 3054 1422 3127 baec
1436 3062 1541 3115 autent

214 3146 359 3229 opinatio
382 3158 429 3218 est
451 3146 638 3211 iudicatio²⁰
666 3168 701 3210 se
730 3145 829 3223 scire,
867 3148 955 3232 qnod
984 3148 1118 3211 nesciat.
1172 3143 1417 3232 Aegrotationi
1438 3156 1542 3209 antem

212 3239 288 3307 talia
309 3242 462 3324 quaedam
486 3239 627 3305 subiecta
650 3253 743 3315 sunt,
766 3240 934 3318 avaritia,
958 3241 1121 3316 ambitio,
1154 3239 1405 3314 mulierositas,
1427 3237 1541 3323 pervi-

214 3334 326 3411 cacia,
364 3335 561 3419 ligurritio,
592 3334 835 3417 vinolentia²¹,
873 3336 1062 3419 cuppedia,
1090 3334 1170 3399 etsi
1193 3355 1253 3419 qua
1276 3332 1436 3398 simitiab.
1479 3334 1543 3396 Est
1612 3340 1616 3363 ¹

211 3552 214 3563 ,
288 3507 326 3579 (1)
346 3535 382 3550 -
402 3506 526 3565 bistw.
547 3508 634 3563 solus.
652 3506 706 3565 Sed
726 3506 777 3561 cfr.
799 3524 867 3565 moa
886 3511 909 3575 §.
929 3510 974 3567 24.
994 3500 1064 3579 puae
1082 3517 1150 3561 siant
1169 3514 1210 3559 eis
1229 3507 1335 3559 morbis
1353 3478 1407 3560 cit.
1447 3507 1473 3579 (²
1503 3530 1544 3549 .-

212 3587 298 3651 iisqne
319 3582 372 3638 SE.
420 3583 458 3648 (³)
478 3582 525 3637 Sic
546 3586 577 3637 V.
599 3584 691 3639 Gebh.
710 3582 792 3655 seqq.
811 3603 850 3638 =
868 3588 934 3637 min.
954 3602 1013 3638 nec.
1029 3590 1184 3653 praeteria.
1205 3582 1406 3641 PABSECML.
1446 3583 1471 3648 (⁴
1504 3608 1543 3637 -v

99 3702 103 3707 .
212 3657 324 3711 turbide
342 3661 474 3710 immotus
499 3676 558 3710 esse
583 3676 607 3710 s.
638 3660 669 3713 R.
691 3684 724 3700 ·-
744 3665 764 3713 i.
784 3662 804 3712 i.
821 3658 1034 3730 perturbatione
1054 3659 1227 3729 iactantibus
1245 3657 1420 3730 opinionibus
1439 3662 1542 3708 incon-

210 3741 322 3785 stanter
342 3742 370 3784 et
389 3733 502 3785 turbido
521 3740 551 3785 in
571 3739 666 3786 ammo
685 3744 778 3787 neotus
796 3752 820 3801 p.
838 3751 862 3785 s.
884 3732 941 3787 Pst
961 3749 1067 3805 quara,
1086 3731 1158 3787 unde
1178 3735 1212 3787 D.
1233 3751 1319 3807 susp:
1338 3760 1377 3774 ···
1395 3735 1415 3784 ἰ.
1434 3738 1454 3785 i·
1470 3750 1542 3803 per-

209 3808 423 3874 turbationum,
447 3813 467 3861 i.
494 3827 525 3860 se
552 3826 595 3879 op.
615 3813 634 3861 i.
654 3818 683 3862 et
708 3817 746 3875 t.,
778 3814 809 3867 in
837 3815 930 3861 animo
957 3819 1050 3863 motus
1077 3828 1101 3865 e.
1120 3828 1144 3864 s.
1172 3807 1226 3863 Sed
1245 3806 1296 3863 cir.
1316 3807 1427 3879 Wopk.
1447 3827 1474 3880 p.
1494 3811 1542 3866 9⁰.

210 3882 252 3957 (⁵)
274 3912 308 3926 -
327 3883 382 3937 bae
400 3883 572 3941 PABSECV.
611 3881 648 3958 (ὅ)
669 3884 715 3939 Sic
734 3887 768 3940 li.
790 3886 821 3938 P.
841 3883 932 3939 Gebh.
952 3886 1034 3957 Seqq.
1054 3915 1092 3928 --
1111 3889 1286 3953 cogitatione
1299 3882 1407 3955 quidem
1425 3887 1500 3935 inter
1513 3901 1542 3934 se

210 3959 257 4023 d.,
288 3978 318 4011 re
345 3977 414 4011 vero
436 3978 496 4032 cop.
518 3957 726 4014 ABSECVML.
779 3958 817 4034 (⁷)
835 3978 940 4025 τσο,
960 3980 1029 4031 quae
1050 3980 1064 4014 e
1084 3958 1155 4017 Cld·
1178 3964 1211 4016 [t.
1260 3959 1298 4034 (⁸)
1317 3966 1402 4012 Μ
1420 3959 1543 4011 exlud-

124 4078 134 4085 .
207 4037 300 4088 vatic.
323 4034 401 4106 prob.
423 4034 516 4089 Gebh.
544 4031 602 4107 ,(9)
621 4036 670 4089 Sto
695 4035 785 4089 Bencl.
812 4033 841 4091 C.
869 4051 898 4095 et
916 4035 986 4093 Ctd.
1015 4036 1131 4089 Davisii.
1150 4036 1231 4093 DW.
1251 4042 1278 4089 2.
1297 4062 1336 4076 -
1353 4042 1471 4086 sanaret
1489 4032 1542 4089 Cs-

210 4115 273 4165 wb
312 4109 362 4183 (¹⁰)
384 4110 425 4164 0⁶
444 4111 617 4183 Wopkenstt
637 4129 665 4183 p·
684 4113 731 4170 91.
751 4108 782 4167 Ε.
802 4110 856 4169 W·
876 4116 903 4166 2.
917 4111 1050 4163 -uvelli
1070 4111 1174 4165 Ceteri.
1195 4110 1246 4179 (—
1263 4114 1379 4161 exsistit
1397 4113 1542 4181 quintar-

208 4183 261 4236 bus
280 4185 311 4239 tt.
331 4186 397 4239 titt.
416 4214 456 4231 -
472 4185 586 4239 morbus
603 4203 652 4236 seu
670 4202 753 4254 aegr.
767 4216 787 4229 -
799 4190 919 4257 -possit
937 4184 971 4240 de
990 4186 1082 4241 Bentl.
1103 4184 1133 4242 Ε.
1147 4186 1199 4240 Da.
1220 4184 1298 4256 prob.
1319 4184 1399 4251 Ero.)
1437 4181 1544 4256 (11)...

208 4261 361 4334 ‘Pieussms
381 4259 898 4333 eaquaecomCdd.sliq.D.(1tegto
918 4262 1071 4319 tributii).
1092 4263 1159 4316 Mes
1177 4260 1290 4315 orbatio
1310 4257 1407 4334 tacet.)
1435 4259 1486 4327 (¹²)
1504 4284 1543 4304 -

208 4341 313 4401 cuim,
331 4342 465 4407 mquam,
486 4338 571 4389 siritii.
592 4332 625 4390 (ie
643 4336 736 4391 Bentl.
757 4333 786 4390 G·
805 4336 858 4390 Di.
878 4336 928 4404 (Β)
948 4363 986 4380 -
1004 4343 1268 4407 aegrotativmsqroe
1287 4335 1446 4388 morborum
1465 4352 1543 4389 msc,

93 4424 97 4435 ·
207 4411 358 4467 ausECV.
378 4408 449 4486 (non
470 4413 559 4467 PML.
579 4409 675 4484 Seqq.)
725 4407 776 4484 (¹⁴)
794 4433 833 4470 =
851 4409 895 4463 ius
913 4420 980 4464 sunt
1000 4412 1204 4469 reneberti.
1225 4416 1295 4478 (non
1314 4412 1361 4477 V.)
1405 4406 1457 4485 (¹⁵)
1477 4426 1542 4463 cuns

196 4485 295 4554 ‘Cdd.,
323 4492 409 4542 etlam
436 4486 464 4541 b.
494 4488 529 4542 D.
560 4486 627 4540 tslt
656 4487 762 4556 104W·
791 4492 819 4542 2.
847 4486 898 4540 cir.
926 4487 1043 4541 Mereor.
1070 4484 1494 4559 adNon.p.127.-quals
1512 4490 1543 4537 in
1569 4528 1576 4555 ,

161 4562 166 4567 ’
206 4560 456 4691 ἴυισογυνείρ(
482 4572 527 4614 est
552 4562 612 4635 (P.)
641 4562 779 4616 BCVML.
804 4589 841 4605 -
866 4563 946 4634 priate
965 4562 1203 4639 μισογύνεια
1228 4571 1272 4613 est
1292 4562 1344 4617 SE
1384 4560 1436 4635 (¹⁶)
1455 4590 1492 4611 «-
1511 4566 1543 4612 ru

244 4643 351 4690 minum
369 4637 487 4690 cot.·-
507 4645 538 4689 ut
556 4636 697 4689 bominum
716 4642 842 4689 riniversi
861 4643 975 4708 generis
993 4637 1024 4690 L.
1044 4654 1060 4691 e
1079 4634 1148 4695 esd.
1193 4636 1245 4703 (¹7)
1264 4638 1311 4690 Sic
1332 4638 1382 4692 Gr.
1403 4637 1465 4691 anfi.
1485 4637 1543 4689 vt..

207 4716 289 4786 Seqq.
312 4743 351 4755 —
372 4717 531 4786 opinionem
551 4712 733 4767 inustum.
772 4710 879 4785 (18)-
899 4712 953 4767 det.
972 4717 1012 4764 stt
1030 4712 1098 4766 Em.
1118 4710 1147 4768 Ε.
1187 4710 1238 4786 (19)
1258 4714 1402 4766 Fortasse:
1422 4728 1460 4767 ω
1478 4715 1545 4784 opi-

207 4795 360 4843 nationem.
401 4785 452 4863 (20)
474 4788 522 4841 Sic
541 4790 623 4855 (ibi)
642 4782 692 4842 Gr.
714 4786 779 4844 Alit.
803 4787 879 4847 DW.
900 4794 926 4843 2.
947 4815 984 4831 ι-
1003 4788 1128 4839 indicare
1148 4789 1257 4853 Ceteri,
1278 4794 1364 4841 etiarn
1385 4788 1412 4841 b.
1436 4788 1487 4854 (²¹)
1507 4814 1546 4830 -

206 4864 372 4917 temulentia
397 4867 451 4920 Pe.
488 4862 539 4936 (Ἠ)
559 4890 594 4906 ·-
614 4866 640 4915 ri
657 4881 713 4935 qua
731 4872 799 4916 siunt
817 4869 882 4919 sim.
901 4862 1105 4919 PABSECML.
1125 4858 1197 4937 (nan
1214 4864 1248 4916 V.
1268 4863 1357 4918 Geth.
1378 4864 1474 4936 Seqq.)
1513 4918 1517 4927 ¹
