3384 5359
167 291 170 296 “
217 290 279 365 tis
425 351 428 364 ,
749 301 752 306 ·
797 301 987 366 uersae·

361 387 368 416 i

218 439 295 496 Med.
312 447 339 498 1.
355 437 465 494 sedhic
477 436 546 493 duas
558 438 714 513 Eurypllus
731 438 807 495 dant.
827 441 932 496 occelli.
961 440 1044 494 Certe
1057 438 1226 516 Eurypylus
1242 437 1322 495 Met.
1337 445 1365 496 2.
1384 438 1459 495 lunt.
1469 439 1553 495 Petit.

218 516 282 573 Ald.
304 518 399 586 Steph.
425 514 520 572 Editio
542 518 620 570 Scor.
640 516 721 589 plane
740 533 817 570 curet
839 516 1031 570 distinctione.

220 631 224 640 .
293 591 484 663 continuatur]
504 596 686 643 continuatus
705 594 800 645 Venet.
816 600 840 649 1.
857 599 881 647 2.
906 591 981 645 Med.
998 602 1024 648 1.
1038 598 1064 647 2.
1085 590 1159 645 lunt.
1180 590 1259 644 Scor.
1273 592 1356 646 Petit.
1377 587 1439 643 All.
1454 586 1551 663 Steplr.

218 666 308 720 Verba
327 675 403 719 certe
421 665 587 738 Eurypylus
606 667 777 737 liupuldum
800 674 852 720 est.
878 667 1026 717 Hominem
1040 671 1246 732 exercitatum,
1263 680 1329 718 sunt
1349 666 1487 728 Patrocli,
1507 666 1554 717 de·

218 757 328 816 sumpta
347 761 380 794 ex
398 740 506 814 aliquo⁴
519 746 600 815 pnite
622 744 721 796 Latino
743 747 866 814 tragico,
886 747 934 813 qui
952 742 1033 794 linem
1056 740 1148 795 iliadis
1168 742 1193 798 l.
1213 746 1310 793 nescio
1329 756 1383 808 qna
1402 744 1431 792 in
1451 739 1552 792 Fabuls

220 823 369 891 expressiit
392 816 510 872 fortasse
530 823 559 870 in
578 819 686 889 Niptris
706 822 838 872 Pacuvius
860 815 896 890 (v.
911 822 934 886 §.
948 822 1009 882 118.)
1029 814 1076 869 scd
1089 817 1171 869 rerba
1189 817 1235 868 uli
1254 824 1366 867 tanturn
1378 816 1469 866 irretire
1482 832 1553 865 con·

221 887 351 946 tinuatur
368 911 426 945 non
450 892 586 966 intelligo.
627 896 696 946 Puto
724 909 815 946 tamen
846 896 945 964 poitae
968 896 1071 963 magis,
1101 892 1391 961 quam1Tullii'esse‘.
1430 891 1553 942 fortasse

220 970 289 1023 haec
309 985 351 1022 est
369 972 521 1021 sententia:
541 983 654 1021 necesse
674 984 715 1021 est
735 971 876 1021 hominem
897 973 1077 1021 exercitatum
1097 985 1171 1035 esse,
1190 972 1236 1039 qui
1254 968 1360 1021 luctum
1374 970 1552 1032 continuere,

220 1045 276 1098 hoc
295 1061 352 1108 est,
371 1048 507 1096 sustinere
526 1042 592 1097 lorti
613 1047 707 1095 animo
726 1049 756 1096 in
776 1059 884 1097 tantum
903 1048 1035 1114 temporis
1054 1059 1166 1114 potest.-

223 1157 225 1161 -
296 1119 415 1191 obliget,
437 1123 461 1172 si
480 1117 601 1191 quidem]
628 1121 693 1173 Post
713 1119 820 1187 obliget
839 1117 976 1190 figendum
1001 1123 1109 1189 signum
1133 1121 1368 1189 interrogationis.
1407 1115 1548 1167 sententis

222 1209 279 1247 est:
300 1209 441 1266 exspectas
456 1198 527 1256 tam,
549 1210 609 1265 post
623 1211 652 1246 ea
667 1193 758 1250 distr.
775 1191 901 1260 futurum
917 1210 947 1245 ut
962 1193 1104 1246 Patroclus
1121 1194 1288 1265 Eurypylum
1308 1199 1338 1245 in
1361 1189 1449 1244 cuhtlt
1465 1190 1551 1243 colle·

215 1280 268 1321 'cet
288 1284 315 1322 et
335 1272 431 1321 vulnus
452 1268 567 1341 obliget.
608 1270 719 1322 laceret
738 1269 848 1342 quidem
868 1267 1011 1321 Patroclus
1032 1268 1145 1332 hocrsi
1164 1270 1246 1321 homo
1266 1283 1355 1334 esset,
1374 1267 1429 1321 hoc
1447 1283 1503 1332 ost,
1522 1280 1551 1318 ut

132 1405 134 1410 ¹
220 1361 272 1398 nos
292 1344 383 1396 dicere
404 1344 541 1412 solemus,
561 1347 584 1396 si
608 1344 694 1415 polite
714 1361 741 1398 et
763 1344 902 1417 eleganter
921 1348 1009 1396 vivere
1031 1341 1184 1397 didicisset.

298 1417 346 1471 sed
365 1419 437 1472 nihil
457 1417 516 1475 vidi
536 1422 641 1485 minus]
666 1418 718 1470 sed
735 1420 807 1471 nihil
821 1419 945 1471 vidimus
970 1419 1067 1471 Venet.
1090 1431 1113 1476 1.
1133 1425 1161 1474 2.
1182 1415 1258 1473 Med.
1278 1425 1303 1476 1.
1321 1423 1350 1474 2.
1370 1418 1449 1471 Scur.
1470 1416 1549 1470 Perti.

222 1490 286 1551 Ald.
308 1493 359 1544 sed
375 1493 449 1546 nihil
465 1500 556 1545 nunus
574 1494 697 1545 uidimus
715 1496 789 1548 lunt.
808 1494 860 1545 sed
876 1492 949 1545 nihil
965 1493 1028 1544 uidi·
1046 1499 1137 1544 mimis
1155 1494 1251 1565 Stepb.

206 1584 473 1714 xr.ri'‘’i¹1.l'.‘’‘ii{.
485 1566 1248 1718 iiiiiliit⁰iiilf¹i0itilti⁰iitiiiiii·
1260 1575 1300 1695 ἒὲ.
1321 1564 1550 1711 inlinisi:

221 1720 290 1772 Non
306 1727 402 1789 potest
421 1719 473 1770 lroc
488 1720 570 1791 fieri.
602 1720 725 1772 Tantum
744 1720 842 1781 diesis,
863 1727 996 1790 qrtuntusn
1007 1716 1108 1789 fustis
1131 1719 1239 1771 laboris
1261 1722 1394 1788 suppetit.
1439 1718 1550 1785 Quiesce

221 1799 317 1862 igitur
342 1802 372 1845 st
396 1796 499 1845 urslnus
517 1795 617 1863 alligo.
656 1794 726 1848 Sunt
747 1796 828 1848 verba
856 1798 953 1868 podiae
980 1813 1012 1847 ex
1036 1810 1154 1866 persona
1181 1794 1322 1866 Eurypyli.
1361 1793 1437 1844 Tum
1458 1792 1551 1844 Cicero

223 1869 335 1928 subiicit
352 1887 359 1921 ε
378 1868 506 1922 Etiamsi
520 1869 674 1942 Eurypylus
685 1887 789 1946 posset,
808 1872 877 1923 haec
891 1870 998 1924 scilicet
1013 1869 1115 1942 oloqui.
1138 1884 1229 1922 tamen
1243 1873 1367 1939 Aesopus
1378 1886 1438 1922 non
1450 1881 1552 1939 posset:

163 1981 166 1990 .
226 1958 285 1998 tam
303 1943 488 1998 multarunt.
528 1946 563 1998 Et
586 1960 678 1997 tomen
699 1951 804 1999 interea
824 1947 890 1998 durn
915 1945 1057 1999 Patroclus
1080 1945 1177 1999 vulnus
1197 1942 1329 2017 Eurypyli
1348 1942 1481 2016 obligat,
1511 1946 1553 1993 iu-

222 2024 294 2093 cipit
314 2019 469 2093 Eurypylus
490 2025 531 2072 sic
552 2035 679 2073 narrare:
699 2022 746 2072 uli
755 2020 885 2092 fortuna
904 2021 1045 2073 Hectoris.

297 2092 403 2155 subduc
416 2095 521 2162 cibum]
539 2094 644 2147 subdue
656 2101 729 2148 enirn
745 2097 835 2149 cilum
855 2099 950 2149 Venet.
966 2105 992 2154 1.
1006 2100 1032 2150 2.
1052 2092 1130 2149 Med.
1144 2101 1171 2152 1.
1185 2101 1212 2152 2.
1233 2095 1308 2147 lunt.
1325 2094 1405 2150 Scor.
1425 2090 1481 2147 Sed
1495 2089 1554 2146 ald.

107 2181 109 2184 '
223 2185 251 2225 et
265 2169 366 2243 Steph.
381 2178 453 2222 enim
467 2175 581 2224 omittit.

208 2311 212 2316 1
263 2251 266 2260 ’
299 2242 458 2300 consulatus
479 2246 536 2314 ille]
565 2245 727 2297 consolatus
750 2247 848 2299 Vener.
869 2252 896 2303 1.
914 2245 1077 2298 consolatus
1094 2246 1190 2300 Vener.
1207 2251 1233 2301 2.
1264 2242 1343 2300 Med.
1369 2250 1395 2302 l·
1417 2247 1445 2298 2.
1471 2244 1552 2297 Petit.

222 2322 384 2373 consulatus
406 2321 568 2374 tuntrScur.
583 2319 755 2394 nonupli.

298 2401 321 2448 si
342 2400 409 2449 satis
430 2396 472 2448 his
492 2392 595 2447 factum
615 2394 665 2466 sit]
684 2402 711 2448 si
728 2393 913 2465 satisfactrun
934 2402 971 2447 iis
988 2401 1029 2449 sit
1047 2397 1144 2448 Venet.
1159 2402 1184 2453 1.
1197 2401 1222 2450 2.
1243 2393 1319 2449 Med.
1335 2401 1362 2450 1.
1378 2399 1404 2448 2.
1425 2392 1551 2464 reliquae.

299 2471 423 2540 Samnis]
455 2471 565 2522 Samius
595 2472 692 2526 venet.
716 2481 742 2529 1.
769 2477 794 2527 2.
827 2469 903 2526 Med.
931 2480 956 2529 1.
981 2477 1008 2526 2.
1037 2472 1111 2524 lunt.
1142 2470 1220 2525 Scur.
1243 2472 1327 2524 Petit.
1357 2470 1474 2521 Samnis
1492 2465 1550 2522 sid.

224 2546 342 2673 SthlpP.
362 2623 407 2678 19.
425 2635 593 2673 constanter
612 2619 768 2689 audiemus]
787 2628 962 2674 constanter.
989 2620 1149 2674 Audinnuls
1172 2621 1270 2673 Vener.
1291 2626 1317 2677 1.
1335 2623 1363 2674 2.
1384 2616 1465 2672 Med.
1485 2626 1511 2676 1.
1525 2623 1550 2672 2.

57 2695 59 2698 ’
164 2685 180 2735 -“
224 2697 299 2749 lunt.
319 2697 396 2749 Scor.
411 2697 494 2750 Petit.
506 2693 568 2749 ,1Ιᾶ.
582 2696 676 2768 Steph.
1162 2733 1165 2744 ¹

298 2787 410 2824 necesse
434 2786 475 2823 est
498 2771 609 2824 brevem
633 2776 705 2842 esse]
731 2771 844 2824 brevem
871 2788 930 2823 esse
952 2789 1061 2823 necesse
1083 2780 1127 2823 est
1146 2772 1243 2824 Vener.
1269 2776 1296 2828 1.
1320 2775 1347 2825 2.
1378 2768 1458 2822 Med.
1480 2774 1507 2826 1.
1528 2774 1553 2824 2.

226 2843 356 2915 reliquae.

195 2907 224 2966 ¹-
299 2918 440 2974 Iteradum
467 2919 563 2973 eadem
585 2926 638 2975 ista
658 2922 737 2976 mihi.
774 2922 839 2977 Non
866 2927 941 2975 enirn
965 2925 1033 2975 satis
1055 2919 1192 2991 intelligo]
1218 2921 1256 2973 A.
1281 2918 1444 2971 iterandum
1461 2916 1554 2969 eederet

225 2994 294 3046 milii
310 3000 378 3050 istu.
416 2996 484 3047 Non
497 3002 569 3047 enirn
587 2997 719 3067 intelligo
737 3001 835 3051 Vener.
851 3006 875 3055 1.
899 2998 974 3052 Meti.
989 3006 1016 3053 2.
1036 2998 1121 3050 Petit.
1139 2995 1201 3049 Ald.
1229 2997 1265 3047 A.
1276 3001 1352 3046 itera
1369 2994 1466 3045 eudem
1481 2991 1553 3044 rullei.

224 3070 288 3122 Isto
309 3088 365 3123 nott
387 3076 460 3122 enim
482 3076 555 3122 sutis
572 3073 703 3141 intelligo
726 3073 801 3126 lunt.
825 3074 903 3127 Scur.
938 3075 977 3126 A.
999 3079 1073 3125 itera
1095 3071 1160 3122 ilum
1185 3070 1283 3122 eadem
1301 3068 1369 3144 milei
1386 3076 1455 3122 istu.
1491 3069 1555 3121 Nost

224 3150 297 3196 enirn
313 3151 386 3197 sutis
405 3148 535 3215 intelligo
554 3147 649 3220 Steph.

301 3222 457 3290 Summum]
477 3221 521 3274 M.
536 3222 676 3274 Srsmmusn
694 3223 763 3275 Vcn.
777 3228 803 3280 1.
817 3229 844 3277 2.
864 3220 941 3278 Med.
960 3229 985 3280 1.
1002 3228 1028 3277 2.
1049 3221 1180 3293 reliquae.

269 3325 275 3336 .
301 3293 376 3349 bene'
391 3295 470 3370 plane
490 3314 605 3370 magnus
626 3298 696 3352 mihi
719 3297 830 3370 quidem
850 3296 973 3368 videtur]
1001 3298 1068 3349 bene
1087 3299 1171 3368 plone
1189 3304 1219 3347 et
1239 3311 1361 3363 magnus
1384 3293 1493 3364 quidem
1510 3297 1556 3344 vi-

224 3367 308 3495 dezsr
326 3372 423 3424 Venet.
439 3382 464 3431 1.
479 3377 508 3427 2.
529 3373 605 3428 Med.
621 3382 648 3433 1.
665 3379 691 3428 2.
711 3374 784 3427 lunt.
808 3376 886 3430 Scur.
909 3370 993 3428 Petit}
1020 3374 1088 3425 berte
1106 3373 1191 3446 plane
1213 3389 1334 3440 mugitus
1357 3369 1426 3421 milri
1447 3369 1555 3441 quidesse

223 3448 256 3495 vi
291 3453 347 3500 tur.
377 3451 442 3513 sic.)
984 3450 991 3454 ”
1091 3501 1096 3510 ,
1357 3447 1360 3456 ’

300 3538 330 3573 ut
348 3445 452 3587 sitiam,
480 3520 557 3593 quid]
576 3527 651 3575 seint
668 3525 767 3578 Venet.
791 3531 817 3582 1.
838 3529 864 3579 2.
884 3522 961 3579 Med.
983 3531 1010 3580 1.
1032 3529 1059 3579 2.
1085 3524 1158 3578 lunt.
1179 3522 1263 3575 Petit.
1290 3525 1377 3572 sciere
1396 3519 1475 3572 Scor.
1492 3517 1554 3572 ΔΜ.

225 3591 321 3667 Steph.
359 3597 401 3648 Ex
425 3600 499 3648 scint
525 3612 618 3670 posset
642 3604 749 3650 sciatur
775 3599 833 3652 lieri
848 3619 854 3659 ;
882 3615 947 3651 uem
977 3614 1081 3651 veteres
1109 3597 1244 3651 editiones
1273 3600 1499 3648 terminationem
1520 3613 1554 3644 ur

223 3666 300 3723 brevi
323 3683 476 3740 transversa
496 3672 599 3745 virgula
617 3674 714 3727 literae
733 3682 746 3726 t
765 3663 960 3748 luperinducta
974 3673 1128 3747 siguificare
1148 3672 1256 3738 solent,
1276 3687 1345 3743 quae
1367 3668 1449 3722 heile
1462 3674 1554 3744 potuit

224 3743 364 3812 excidere,
382 3761 413 3799 ut
427 3762 507 3818 saepe
521 3746 635 3803 excidit.
1126 3781 1129 3790 ¹

300 3839 394 3875 eornm
414 3838 483 3875 voce
504 3823 603 3895 virtus]
628 3842 696 3876 uoce
717 3820 792 3878 deest
812 3827 911 3877 Venet.
930 3831 956 3882 1.
975 3821 1051 3878 Med.
1068 3828 1095 3879 2.
1115 3825 1199 3879 Petit.
1220 3820 1273 3875 Sed
1286 3819 1406 3892 reliquae
1419 3819 1535 3874 liabent.

261 3896 341 3951 Cur.
362 3902 408 3953 2ο.
436 3896 604 3970 pervellerit]
628 3902 782 3971 pertulerit
800 3900 898 3952 Vener.
917 3907 943 3957 1.
966 3906 994 3953 2.
1014 3897 1091 3954 Meo.
1115 3906 1142 3956 1.
1164 3904 1190 3952 2.
1212 3900 1283 3950 lunt.
1300 3898 1385 3950 Petit.
1402 3896 1557 3966 perculerit

226 3968 323 4036 Scur..
343 3988 408 4024 cum
425 3987 478 4045 qun
491 3968 582 4025 fa‘cere
598 3975 702 4028 molini.
741 3973 794 4029 Sed
813 3974 874 4029 Ald.
892 3991 920 4028 et
941 3975 1035 4048 Stepb.
1052 3974 1216 4047 pervellerit
1236 3971 1312 4042 daur.

225 4118 288 4174 Md.
299 4043 364 4099 ferri
396 4065 453 4101 non
482 4047 587 4122 potest]
614 4047 687 4122 fieri
714 4052 812 4105 venet.
839 4057 866 4108 1.
894 4055 921 4105 2.
950 4048 1027 4103 Med.
1052 4058 1078 4107 1.
1106 4055 1133 4106 2.
1162 4048 1236 4102 lunt.
1265 4046 1343 4102 Scor.
1367 4045 1452 4100 Pe'tit.
1472 4041 1558 4117 ferri

307 4123 354 4177 Ste
375 4122 403 4175 h.
466 4163 473 4168 .

302 4141 462 4266 boninum]
481 4195 653 4252 loreum
670 4198 770 4253 Venet.
789 4207 816 4257 1.
838 4205 866 4254 2.
889 4196 965 4254 Met.
979 4207 1006 4257 1.
1025 4205 1052 4254 2.
1070 4197 1201 4270 reliquae.

227 4342 252 4397 R
300 4288 382 4341 quam
408 4290 466 4326 non
490 4291 628 4328 summum
652 4270 771 4344 honum]
801 4269 859 4328 non
884 4272 960 4330 deest
987 4276 1086 4330 Vener.
1113 4280 1140 4330 1.
1168 4279 1197 4329 2.
1226 4272 1303 4328 Med.
1327 4278 1354 4331 1.
1378 4275 1406 4328 2.
1430 4267 1558 4344 reliquis.

255 4356 315 4398 ecte
335 4364 409 4403 vero.
802 4363 805 4368 ⁴

223 4492 275 4548 ΔΗ
299 4436 331 4549 ug
350 4422 419 4550 napo
438 4421 471 4477 de
481 4425 624 4496 nonesto]
645 4433 676 4476 ut
688 4423 739 4478 lroe
760 4426 857 4481 venet.
872 4433 900 4484 1.
916 4415 943 4482 2.
963 4423 1040 4479 Med.
1056 4433 1080 4482 1.
1094 4428 1121 4479 2.
1140 4424 1216 4478 lunt.
1236 4423 1413 4479 scurpeus.
1433 4429 1466 4473 ut
1486 4418 1557 4474 laese

278 4533 286 4549 e
334 4511 377 4569 lep
399 4535 407 4551 e

263 4570 343 4625 Cur.
362 4578 408 4629 21.
437 4573 535 4626 sinclis
559 4591 644 4648 prope
665 4590 698 4629 ac
721 4574 862 4649 custodis]
877 4594 967 4650 prope
985 4572 1061 4629 deest
1081 4576 1178 4629 Vener.
1197 4582 1222 4632 1.
1244 4570 1321 4628 Med.
1337 4578 1364 4629 2.
1389 4571 1473 4626 Petit.
1493 4569 1556 4624 Ald.

221 4643 319 4719 Steph.
358 4647 471 4701 Ceterae
496 4648 609 4702 hahent.
661 4669 668 4690 ⁸

196 4765 203 4772 .
295 4721 350 4774 lios
374 4721 517 4777 admonitu
543 4719 694 4797 oportebit]
723 4725 774 4778 lios
793 4725 941 4778 admonitu
962 4727 1049 4780 simili
1073 4724 1231 4798 opportebit
1251 4723 1347 4777 Vener.
1373 4731 1398 4780 1.
1430 4719 1509 4776 Med.
1530 4726 1556 4777 2.

223 4797 398 4924 1111ῑὸ111.
418 4797 479 4854 ,1Ιό.
500 4801 644 4875 supinet
666 4806 708 4856 sic
732 4819 839 4878 quoque
862 4803 962 4888 Vener.
981 4807 1009 4857 2.
1031 4817 1059 4856 st
1085 4800 1160 4858 Med.
1185 4807 1212 4858 1.
1241 4799 1289 4854 sed
1315 4799 1366 4853 hae
1391 4797 1553 4850 admonitus

223 4886 302 4942 praes
317 4888 375 4926 snt.
