3384 5359
214 292 282 383 us
470 296 864 366 suscensusnou
886 290 1281 365 oiseursmouuu

214 438 710 525 eontra·'tormnan.gtorinurt
731 441 786 505 tt.
809 438 909 519 Quod
922 438 1003 503 idem
1019 438 1204 503 melioribus
1226 440 1319 505 etiam
1337 439 1446 506 verbis
1467 442 1542 506 Me·

24 536 25 551 ¹
125 531 127 535 ’
213 538 393 611 trodorus,
427 533 613 618 Occupani·
632 545 684 612 te,
720 533 863 620 inquit¹,
886 533 1074 626 soricino,
1111 545 1215 620 atque
1236 535 1329 637 cppi3
1357 557 1541 621 euntesque
1588 530 1605 541 “

147 648 154 673 ¹
213 630 333 696 aditus
354 641 434 694 tuos
456 627 648 704 interclusi,
673 640 713 692 ut
737 629 786 691 cd
806 650 860 692 me
881 629 1065 711 adspirare
1089 649 1159 691 non
1175 651 1312 715 posses.
1356 631 1535 703 Praeclare,

142 728 149 743 ⁸
212 728 240 793 si
261 725 398 790 Aristo,²
430 719 549 799 Chius,
589 732 644 786 aut
665 722 694 786 si
716 723 844 789 Stoicus
866 725 958 788 Zeno
981 723 1121 786 dioecete
1158 723 1230 809 qui,
1244 724 1315 789 'nisi
1335 726 1423 809 qood
1444 736 1536 806 turpe

212 834 315 905 esset,
340 819 417 883 nihil
440 820 556 882 malum
579 821 743 883 duceret³.
789 823 842 887 Tu
866 839 969 894 vero,
994 812 1212 894 Metrodore,
1237 819 1292 903 qni
1307 839 1400 883 omne
1421 821 1536 882 bonnm

211 915 245 981 in
273 914 450 980 visceribus
483 914 692 999 medullisque
721 910 921 989 condideris,
960 922 993 975 ct
1022 912 1202 988 delinieris,
1241 934 1394 976 summum
1420 915 1537 977 bonum

212 1011 302 1073 lirma
330 1007 482 1090 corporis
515 1008 684 1072 allectione
710 1008 945 1092 explorataque
966 1006 1046 1087 spe⁴
1068 1007 1243 1081 contineri,
1267 1005 1417 1081 fortunae
1437 1008 1539 1072 aditos

210 1101 439 1168 interclusisti‘?
462 1102 537 1182 Quo
560 1100 681 1171 modo?
702 1103 773 1166 Isto
795 1101 879 1165 enim
902 1102 991 1165 bono
1014 1099 1074 1162 iam
1098 1100 1273 1182 exspoliari
1295 1103 1422 1182 potes⁵.
1479 1121 1483 1129 ’

296 1198 343 1260 X.
368 1196 421 1271 28.
444 1194 568 1281 Atqui.⁶
601 1196 648 1259 his
672 1195 840 1278 capiuntur
861 1194 1021 1276 imperiti:
1055 1206 1088 1258 et
1109 1207 1245 1277 propter
1266 1195 1446 1259 huiusmodi
1467 1217 1539 1259 seu·

209 1289 341 1367 sentias,
363 1289 500 1354 istorum
521 1287 686 1354 hominum
702 1301 751 1353 e'st
763 1290 947 1353 multitudo.
980 1289 1088 1352 Acutc
1108 1289 1234 1353 autem⁷
1260 1288 1447 1371 disputantis
1463 1291 1538 1354 illud

209 1396 277 1459 est,
300 1405 384 1459 non,
415 1382 494 1468 quid
514 1382 649 1468 quisque
673 1383 776 1461 dicat,
800 1385 857 1447 sed
873 1382 950 1468 quid
977 1381 1093 1468 cuique
1127 1383 1291 1446 dicendum
1314 1382 1374 1459 sit,
1412 1383 1536 1448 videre.

157 1540 161 1547 ,
210 1479 312 1541 Velut
341 1476 396 1540 in⁸
428 1497 465 1541 ea
497 1477 566 1560 ipse
594 1476 767 1554 sententia,
806 1499 902 1561 quam
934 1475 968 1539 in
995 1477 1057 1538 hac
1079 1476 1293 1559 disputatione
1321 1476 1537 1559 suscepimus,

153 1558 163 1575 ⁸
210 1569 320 1638 omnes
342 1574 448 1636 honos
472 1593 599 1655 semper
623 1572 736 1636 beatos
760 1571 908 1636 volumus
935 1592 1019 1635 esse.
1064 1569 1171 1652 Quid⁹
1192 1572 1293 1635 dicam
1315 1573 1441 1648 honos,
1465 1594 1541 1655 per·

209 1662 351 1750 spientim
373 1679 441 1730 est:
477 1666 624 1731 omnihus
656 1666 737 1730 euim
772 1666 942 1729 virtutihus
979 1664 1156 1730 instructos
1190 1676 1223 1730 et
1249 1679 1399 1749 ornatos,
1436 1668 1541 1730 tum¹⁰

209 1760 385 1843 sepientes,
408 1772 477 1823 tom
499 1760 589 1823 viros
610 1763 716 1826 honos
739 1761 886 1825 dicimus.
931 1760 1125 1836 Videamus,
1150 1761 1204 1843 qui
1226 1759 1350 1824 dicendi
1365 1761 1427 1823 sint
1441 1762 1540 1825 beati.

209 1854 366 1939 Equidem
381 1856 442 1919 hos
456 1853 624 1931 existimo,
650 1854 704 1941 qni
718 1853 781 1917 siut
795 1854 827 1918 in
843 1853 958 1929 bonis,
983 1854 1071 1917 nullo
1089 1852 1238 1917 adiuncto
1254 1854 1350 1918 malo.
1367 1890 1369 1897 ,
1392 1854 1448 1918 29.
1472 1856 1540 1919 Ne·

208 1950 307 2035 quc¹²
328 1936 390 2011 ulla
414 1948 474 2011 alia
496 1947 571 2012 huie
594 1950 715 2023 verbo,
750 1969 847 2032 qutun
868 1950 995 2011 beatum
1016 1947 1179 2022 ‹ticinuss
1193 1949 1336 2011 subiecta
1358 1949 1448 2012 notio
1471 1960 1538 2030 est,

208 2042 286 2120 nisi,
309 2041 441 2131 secrmis
463 2043 552 2106 malis
575 2043 743 2121 omnihus,
768 2045 927 2107 otriculata
948 2045 1110 2106 honorum
1132 2043 1327 2126 complexio.
1371 2047 1466 2109 Hanc
1488 2066 1540 2108 as·

208 2134 301 2223 sequi
321 2136 443 2214 virtus,
467 2135 494 2201 si
515 2136 689 2222 quidquam
710 2150 839 2218 praeter
860 2137 962 2219 ipsam
984 2136 1062 2203 boni
1079 2150 1146 2213 cst,
1171 2149 1378 2225 nonpotest.
1423 2138 1540 2202 Aderit

209 2233 291 2298 enim
326 2232 500 2308 melorum,
535 2232 563 2295 si
592 2233 672 2295 mala
700 2231 753 2296 itta
785 2230 980 2307 ducimnsw,
1016 2233 1307 2315 turbaquaedam,
1344 2245 1536 2315 paupertas,

195 2320 413 2414 ignobilitas,
436 2326 615 2402 humilitas,
639 2326 800 2402 solitudo,
825 2324 952 2389 amissio
970 2346 1102 2388 suorum
1113 2328 1157 2401 ¹³,
1182 2347 1299 2410 graves
1318 2326 1447 2389 dolores
1462 2347 1538 2390 cor·

207 2420 319 2506 poris,
333 2423 467 2502 ,perdita
490 2422 661 2499 valetudo,
686 2419 851 2497 debilites,
876 2419 1030 2493 caecitas,
1053 2420 1198 2484 interitus
1214 2421 1355 2502 patriae,
1378 2419 1536 2495 exsilium,

208 2516 347 2583 servitus
381 2515 531 2600 denique.
585 2517 625 2580 ln
654 2515 742 2579 his¹i
768 2525 819 2579 tot
847 2524 880 2578 et
901 2512 996 2576 tantis
1016 2515 1128 2597 (atque
1151 2514 1243 2599 etiem
1278 2512 1372 2595 plura
1402 2522 1539 2595 possunt

208 2610 403 2690 accidere¹⁵)
424 2620 533 2691 potest
555 2629 625 2673 esse
646 2608 785 2692 sapiens.
836 2609 919 2671 Nam
940 2609 1021 2671 haec
1043 2630 1134 2671 casus
1156 2608 1329 2690 importat,
1354 2608 1410 2693 qui
1432 2607 1464 2670 in
1486 2627 1538 2670 sa·

208 2704 347 2788 piantem
369 2710 478 2787 p'otest
497 2702 676 2768 incurrere.
721 2705 787 2780 At,
811 2703 839 2767 si
861 2724 898 2766 en
920 2702 999 2766 mala
1023 2714 1114 2777 stunt,
1139 2704 1209 2789 quis
1231 2713 1339 2786 potest
1359 2713 1535 2784 praestare,

206 2798 369 2881 semper¹⁶
388 2796 564 2881 sapientem
584 2799 715 2861 beatum
737 2799 826 2873 lore,
849 2817 945 2881 qutun
969 2796 1021 2859 vel
1035 2795 1068 2859 in
1085 2796 1232 2860 omnibus
1247 2797 1296 2859 his
1312 2817 1377 2860 tino
1390 2809 1537 2876 tempore

209 2913 281 2957 esse
302 2892 427 2975 possit?
449 2893 502 2955 30.
526 2893 602 2955 Non
627 2891 728 2977 igitur
753 2892 847 2955 facile
873 2892 1037 2964 concedo,
1061 2898 1165 2973 neque
1188 2893 1294 2956 Bruto
1320 2913 1411 2966 meo.
1435 2912 1538 2974 nequo

208 2988 427 3052 communibus
456 2985 637 3072 magistris,
674 2986 767 3050 nec¹⁷
799 2987 962 3050 veteribus
988 2983 1086 3060 iltis,
1105 2985 1293 3062 Aristoteli,
1333 2984 1534 3074 Speusippo,

212 3081 411 3156 Xenocrati,
430 3063 625 3157 i’olemoni,
660 3091 714 3156 ut,
739 3101 835 3164 quum
860 3101 915 3157 ea,
948 3099 1030 3164 quae
1052 3100 1148 3162 supra
1168 3079 1370 3154 enumeravi,
1393 3079 1428 3141 in
1448 3079 1539 3142 malis

99 3189 102 3193 ’
209 3185 392 3255 numerent,
415 3174 508 3238 iidem
524 3173 649 3250 dicant,
673 3195 801 3256 semper
818 3176 943 3237 bessum
959 3195 1028 3237 esse
1043 3174 1230 3256 sapientem.
1275 3175 1367 3254 Quos
1384 3174 1411 3237 si
1419 3175 1446 3214 ¹⁸
1462 3172 1537 3236 titu-

214 3268 264 3366 lus
279 3269 330 3333 hic
352 3270 487 3357 delectat
507 3268 638 3354 insignis
654 3281 685 3332 et
702 3269 856 3352 pulcher,
881 3270 1090 3355 Pythagora,
1116 3271 1270 3346 Socrate,
1294 3267 1468 3334 Platone1⁹
1489 3268 1536 3331 di-

214 3361 400 3448 gnissimns,
424 3362 750 3440 inducantanimum,
774 3362 848 3440 ille,
873 3385 1010 3448 quorum
1033 3364 1204 3450 splendore
1227 3363 1534 3448 capientem-vires,

208 3508 1532 3543 mm

283 3592 321 3669 (1)
342 3596 389 3649 sle
409 3598 486 3663 (lii)
505 3596 534 3652 b.
554 3596 615 3652 VD.
635 3597 703 3650 lel.
722 3597 776 3655 W.
794 3618 833 3656 ·.:
851 3602 957 3669 inquit,
978 3607 1005 3651 te
1024 3598 1230 3654 PABSECML.
1245 3597 1337 3655 Gebh.
1354 3607 1381 3656 1.
1400 3602 1427 3653 2.
1449 3598 1535 3672 (²)-

206 3674 235 3722 el
253 3670 285 3722 td
303 3673 357 3725 Ar.
377 3671 506 3726 suste.
526 3670 557 3725 el
570 3712 578 3727 .
598 3674 625 3740 d.
643 3677 688 3731 26.
727 3670 764 3748 (3)
784 3700 823 3716 --
841 3674 973 3726 discerent
998 3675 1088 3728 Bouh.
1108 3691 1183 3747 susp.
1222 3675 1260 3741 (1)
1280 3704 1317 3719 -
1336 3676 1537 3748 explorathsoe

79 3782 90 3807 ,
207 3751 269 3798 sins
285 3763 333 3819 eps
354 3746 385 3801 L.
404 3763 479 3820 susp.
519 3745 557 3822 (⁵)
575 3768 613 3802 =
632 3749 794 3819 exspoliare
807 3757 904 3822 potest
923 3752 955 3803 tt.
975 3750 1043 3806 Alit.
1062 3749 1142 3804 Unde
1163 3754 1198 3805 U.
1218 3768 1311 3823 susp:
1330 3781 1369 3793 -
1387 3757 1444 3803 isto
1461 3758 1539 3802 teea

207 3823 280 3875 tono
299 3827 358 3876 lom
376 3824 536 3895 exspoliare
553 3831 657 3896 potest.
695 3822 734 3898 (⁶)
752 3854 792 3868 -
810 3828 904 3897 Atque
923 3825 1016 3890 Olim,
1036 3842 1103 3878 cum
1123 3818 1234 3880 Oxonn.
1255 3828 1338 3900 aliq,
1368 3841 1400 3879 ut
1419 3822 1536 3880 videtne.

209 3898 294 3951 Mos:
312 3927 351 3942 -
369 3898 482 3952 illorum
501 3899 554 3954 stt.
604 3899 644 3974 (7)
669 3927 706 3942 ·-
727 3917 783 3954 cm.
803 3910 896 3952 autem
916 3901 990 3958 Otx.
1010 3900 1075 3955 Mt.
1126 3902 1165 3969 (11)
1184 3930 1221 3946 -
1241 3907 1346 3965 omnin
1365 3902 1468 3956 Asse,
1487 3901 1537 3976 (-

205 3978 292 4047 iniec
310 3981 382 4028 sent.
402 3973 472 4050 ct)
510 3973 548 4048 (⁹)
568 3974 615 4029 sn
634 3972 704 4030 edd.
725 3975 790 4048 aliq.
811 3978 864 4030 tv,
884 3975 976 4032 Geth.
996 3974 1140 4048 Seqq.‘-,
1151 3977 1227 4049 quod
1244 3977 1336 4037 dicam
1350 3978 1382 4031 ii
1397 3978 1487 4030 Hinc:
1500 4004 1536 4021 ·-

208 4066 277 4123 qnos
295 4048 388 4105 dicam
408 4050 603 4115 essesut...
635 4049 709 4120 quod
735 4058 892 4121 speciosum
914 4051 1000 4107 videri
1020 4067 1122 4124 potest.
1155 4052 1209 4107 Sed
1228 4052 1422 4127 vtdgatsehjc
1441 4068 1536 4123 sepsos

209 4140 270 4178 ass:
290 4123 385 4197 „qnid
406 4124 574 4197 intelligam,
593 4144 679 4197 quum
698 4125 795 4183 beatos
815 4128 908 4181 dieo.’'
948 4125 999 4201 (¹⁰)
1020 4128 1068 4181 Sto
1088 4130 1147 4195 (tt.)
1167 4127 1196 4183 h.
1216 4129 1375 4185 SECVML.
1394 4127 1464 4183 Lali.
1483 4129 1536 4185 W.

210 4206 236 4255 2.
256 4226 295 4247 u-
313 4219 395 4273 quum
415 4203 444 4256 P.
465 4198 557 4256 Gehh.
579 4204 612 4257 D.
635 4210 660 4259 l.
698 4201 750 4277 (11)
768 4222 807 4257 =
826 4220 877 4254 uec
896 4203 1058 4261 PABCML.
1084 4205 1135 4271 (¹²)
1152 4204 1203 4257 stc
1223 4196 1277 4261 Gr.
1294 4206 1324 4258 L.
1345 4209 1376 4258 io
1394 4222 1430 4257 m.
1451 4206 1534 4263 1581.

209 4273 301 4331 Gebh.
322 4277 405 4350 Seqq.
435 4304 476 4330 -φ
501 4276 619 4331 decimus
651 4278 879 4332 PABSECVML.
919 4276 970 4350 (13)
988 4307 1028 4321 -
1045 4297 1177 4332 carentem
1197 4281 1260 4334 Col.
1299 4280 1351 4346 (11)
1370 4276 1539 4339 8ἱο,ι]ἰιιίιι·

266 4367 298 4405 nt
325 4349 377 4406 Ed.
407 4354 488 4412 158lt.
515 4352 549 4405 D.
575 4353 655 4425 Seqq.
682 4381 719 4396 -·
743 4359 876 4427 seruitus.
911 4354 1038 4425 Deuiqtoe
1063 4360 1094 4407 in
1122 4354 1168 4407 ln's
1192 4353 1538 4417 PtBsEcvttt..Gebt1.

226 4425 262 4494 ¹5)
288 4426 336 4481 Sic
365 4428 398 4482 Β.
426 4428 517 4481 Vasio.
542 4428 626 4482 Betim
657 4428 721 4482 Alii.
742 4429 793 4483 Ed.
813 4443 867 4483 set.
887 4428 978 4493 unuh.
996 4430 1073 4497 Lau„
1085 4430 1139 4487 W.
1158 4438 1243 4491 2.‚-
1261 4441 1345 4504 atque
1364 4436 1536 4500 ettamssqnas

205 4500 246 4574 pt
262 4522 292 4574 p.
312 4501 439 4556 nudare
457 4500 665 4558 PABSECVM.
686 4499 784 4559 Geth!
800 4514 825 4562 t.
844 4532 882 4547 -
900 4514 983 4577 aeqeae
992 4506 1079 4577 plum
1093 4525 1124 4578 p.
1144 4507 1272 4569 accidere
1292 4505 1343 4561 cd.
1363 4507 1484 4560 Schotti.
1501 4532 1540 4555 ω,

209 4586 241 4633 at
267 4597 337 4651 quae
362 4582 448 4647 etiem
473 4579 514 4649 pt.
535 4597 567 4650 p.
595 4579 726 4632 accedere
753 4579 816 4635 cot.
835 4607 875 4624 ·-
893 4581 935 4631 ad
950 4599 1021 4650 quas
1038 4586 1127 4634 ctiam
1141 4582 1182 4654 pt.
1200 4603 1230 4656 p.
1250 4582 1380 4635 accedere
1400 4582 1431 4633 L.
1451 4580 1481 4638 Ε.
1502 4580 1538 4637 ὓ.

210 4652 261 4720 (11)
281 4655 328 4708 Sto
348 4654 380 4709 tt:
409 4653 505 4720 SVO„
528 4658 571 4706 utl
597 4655 623 4722 §.
647 4660 694 4715 51.
719 4674 758 4710 =
783 4674 844 4727 sap.
865 4671 974 4726 semper
993 4657 1095 4712 Ceteri.
1134 4659 1184 4723 (17)
1205 4659 1252 4713 Sic
1271 4658 1376 4712 sevo.
1395 4676 1436 4712 =
1453 4673 1537 4727 neque

193 4718 312 4787 'cium
362 4729 396 4785 in
416 4727 518 4783 telthos
539 4730 574 4785 ὓ.
595 4732 729 4802 Regium,
748 4730 873 4804 elisique
893 4729 963 4784 Cdd.
983 4716 1238 4806 p'rasstantisstmcs
1257 4749 1286 4789 et
1303 4735 1461 4787 victorium
1480 4730 1537 4785 iere

209 4821 321 4875 secutos
340 4821 392 4861 est.
439 4805 491 4871 (¹⁸)
508 4833 548 4849 -·
571 4805 689 4877 quodsi
707 4825 723 4861 e
742 4806 811 4863 Cdd.
832 4806 897 4879 sitq.
917 4805 1010 4863 Gebh.
1030 4819 1056 4868 1.
1075 4808 1140 4865 soli.
1189 4810 1242 4885 (11))
1262 4811 1310 4865 Sic
1330 4808 1423 4866 Geth.
1442 4813 1537 4864 samse.

208 4884 280 4953 seqq
311 4910 348 4925 ·-
367 4889 396 4933 st
414 4879 532 4934 Platone
553 4884 661 4936 Priores
681 4899 745 4936 enm
766 4883 839 4943 O'tx.
