3384 5359
229 318 293 384 uo
406 272 409 295 '
496 319 889 389 nusconuuuuuu
908 288 1304 390 msrur‘amouou

107 478 109 489 ¹
229 460 257 526 ai
268 462 356 526 'enim
367 461 453 528 nulla
465 461 566 528 virtus
581 462 880 548 prudentiamacat,
897 454 1065 548 prudentia
1080 461 1151 546 ipsa
1165 463 1231 529 boc
1245 462 1350 541 videt,
1367 484 1432 529 non
1449 486 1565 530 omncs

227 558 333 621 bonna
363 574 433 621 esse
453 557 545 621 etiam
561 560 702 623 beatos:
726 557 890 644 multaque
913 557 1160 634 dematilio,
1190 558 1233 640 Q.
1257 556 1444 641 Caepione,
1471 560 1562 623 M'.¹

218 651 365 737 =Aquiiio
386 653 594 717 recordatur:
626 654 815 737 beatamque
826 652 944 730 vitam,
968 654 1028 734 (sil
1045 651 1240 737 imaginibus
1251 653 1360 735 potius
1378 652 1436 729 uti,
1462 673 1560 736 quam
1617 666 1620 669 ’

229 748 327 813 rebus
341 745 418 841 ipsis
437 746 578 829 piacet,)
598 758 764 811 conantem
785 744 834 811 ire
856 747 891 811 iu¹
907 749 1096 833 equuleum,
1121 746 1327 829 retinetipsa
1348 743 1561 830 prudentia',

230 852 391 927 negatque
406 839 435 904 ei
450 860 520 905 cum
539 841 652 906 dolore
667 852 699 904 ot
717 840 861 905 cruciatu
882 842 1053 928 quidquam
1072 863 1141 906 ease
1164 857 1344 919 commune.
1385 826 1389 845 “

315 934 380 998 vt.
405 935 458 999 15.
482 938 538 1001 Μ.
562 928 811 1017 Facile'patior,
850 947 882 1000 te
903 937 965 1001 isto
988 939 1084 1000 modo
1106 955 1223 1022 agere:
1257 932 1319 1001 etsi
1339 932 1484 1019 iniquum
1506 944 1558 996 eat

228 1028 451 1113 praescribere
466 1028 540 1091 mibi
554 1039 608 1105 te,
631 1032 896 1115 quemadmodum
916 1050 933 1093 a
951 1052 1007 1094 me.
1024 1029 1181 1113 disputari
1200 1029 1293 1095 velia.
1338 1030 1402 1094 Sed
1424 1047 1559 1113 quaero,

227 1135 335 1187 utrum
351 1122 469 1206 aliquid
480 1134 583 1187 actum
597 1123 819 1207 staperioribua
835 1125 966 1199 diebus,
989 1146 1029 1188 an
1049 1125 1125 1189 nihil
1139 1121 1353 1188 arbitremur?
1375 1125 1421 1188 A.
1440 1123 1559 1185 Actum

228 1206 329 1293 aero,
363 1228 394 1279 et
416 1216 610 1300 aliquantum
641 1219 779 1302 quidem.
823 1220 881 1283 Μ.
911 1219 1031 1303 Atqui,
1062 1220 1091 1282 ai
1109 1218 1155 1282 ita
1184 1229 1252 1294 est,
1291 1215 1465 1301 profligata
1497 1213 1560 1279 iana
1590 1216 1595 1219 ’

227 1310 308 1374 haec
327 1320 360 1374 et
377 1331 477 1393 paene
493 1313 532 1374 ad
549 1312 667 1375 exitum
683 1313 840 1375 adducta⁴
861 1314 1007 1398 quaestio
1025 1324 1092 1375 est.
1137 1315 1183 1377 A.
1207 1313 1282 1393 Quo
1295 1312 1421 1374 tandem
1438 1307 1561 1373 modo?

228 1406 286 1471 M.
310 1403 392 1486 Quia
416 1416 520 1469 motus
539 1405 714 1470 turbulenti
736 1404 988 1490 iactationesque
1012 1407 1190 1470 animorum
1208 1405 1356 1470 incitatae
1378 1416 1419 1467 et·
1439 1403 1560 1485 impetn

227 1499 464 1564 inconsiderato
484 1501 604 1579 elatae,
627 1500 784 1565 rationem
808 1522 934 1565 ornnem
956 1503 1169 1586 repellentes,
1194 1503 1278 1565 vitae
1299 1502 1412 1567 beatae
1442 1498 1560 1561 nullam

226 1606 351 1677 partem
378 1592 573 1679 relinquunt.
629 1592 711 1677 Quia
734 1594 815 1658 onim
837 1607 964 1678 potest,
990 1609 1125 1661 mortem
1151 1606 1205 1657 aut
1227 1595 1371 1658 dolorem
1397 1604 1556 1666 metuens,

229 1709 367 1773 quorum
385 1689 516 1753 alterum
533 1711 628 1772 saepe
651 1692 756 1765 adeat,
782 1690 915 1754 alterum
931 1710 1058 1774 semper
1073 1690 1249 1771 iutpeudet,
1272 1707 1420 1752 essenon
1440 1684 1558 1749 miser?
1656 1742 1659 1747 .

229 1782 339 1863 Quid?
374 1782 423 1859 ai⁵
445 1784 527 1849 idem
550 1785 651 1867 (quod
672 1784 860 1869 plerumque
882 1785 932 1864 iit)
954 1795 1193 1866 paupertatem,
1217 1780 1441 1867 ignominiam,
1476 1779 1560 1842 inla-

139 1942 143 1951 ,
227 1877 321 1939 auiam
343 1875 450 1953 timet,
474 1876 502 1940 ai
518 1877 727 1954 debilitatem,
753 1878 958 1952 caecitatem3
981 1878 1008 1940 si
1022 1875 1178 1960 denique,
1203 1876 1306 1959 (quod
1324 1894 1386 1938 non
1401 1870 1560 1955 singulia⁸

226 1970 428 2048 homiuibus,
454 1971 529 2034 aed⁷
548 1972 732 2053 potentibus
750 1972 880 2055 populis
903 1992 997 2054 saepe
1017 1970 1200 2055 contigitffi)
1223 1966 1426 2032 seruitutem:
1451 1977 1559 2049 potest

228 2086 264 2128 ea
281 2065 394 2129 timeus
409 2086 477 2129 ease
493 2066 659 2152 quisquam
673 2066 811 2130 beatus?
835 2067 889 2129 to.
899 2065 1008 2150 Quid?
1027 2065 1082 2152 qui
1097 2086 1160 2129 nou
1174 2062 1270 2126 modo
1288 2081 1325 2124 ea
1338 2061 1444 2124 iutura
1457 2059 1556 2137 timet,

227 2158 456 2223 verumetiam
479 2158 544 2223 lert
575 2157 770 2243 sustinetque
791 2159 998 2242 praeseutia?
1033 2160 1127 2224 Adde
1146 2158 1257 2221 eodem
1277 2154 1406 2228 exsilia,
1431 2153 1555 2227 luctus,

227 2254 402 2343 orbitates:
425 2251 587 2339 quirebus
605 2252 654 2316 his
671 2251 794 2316 inactus
815 2252 1016 2336 aegritudine
1032 2248 1198 2323 eliciunt,
1221 2261 1329 2332 potest
1348 2250 1472 2311 tandem
1486 2266 1557 2311 esee

226 2369 292 2411 non
318 2345 534 2412 miserrimus?
572 2346 658 2430 Quid
686 2344 790 2411 vero?
826 2345 932 2423 illum,
958 2367 1051 2433 quem
1072 2343 1256 2423 ,libidinibus
1279 2340 1502 2404 inflammatum
1524 2352 1557 2403 et

225 2440 383 2507 laurentem
414 2444 575 2517 videmus,
611 2440 716 2506 omnia
745 2439 857 2505 rabide
887 2451 1090 2523 appetentem
1124 2461 1196 2501 cum
1217 2435 1402 2518 inexplebili
1430 2432 1557 2516 cupidi-

153 2542 156 2549 '
227 2546 313 2612 tate,
338 2557 467 2621 quoque
489 2534 664 2600 affluentius
688 2535 869 2618 voluptates
893 2535 1032 2620 undique
1054 2532 1203 2609 hauriat,
1223 2552 1265 2596 eo
1288 2529 1419 2614 grauius
1442 2530 1556 2591 arden·

226 2630 352 2714 tiusque
375 2631 561 2705 sitientem,
586 2650 690 2693 noune
712 2642 799 2693 reete
821 2627 1031 2693 miserrimum
1055 2627 1200 2694 dixeris?
1235 2623 1345 2707 Quid?
1378 2626 1479 2687 elatam
1502 2621 1555 2684 ille

225 2722 374 2802 leuitate,
405 2724 553 2809 inanique
575 2723 692 2787 laetitia
714 2724 923 2801 exattltans¹⁰,
947 2735 979 2788 et
1002 2736 1121 2788 temere
1144 2721 1305 2808 gestiens,
1335 2737 1441 2783 nonne
1465 2726 1554 2777 tanto

226 2817 394 2893 miserior,
424 2831 543 2905 quanto
565 2818 626 2883 sibi
649 2818 775 2883 videtur
798 2818 947 2883 beatior?
977 2819 1089 2903 Ergo,
1113 2830 1148 2880 ut
1169 2816 1203 2879 bi
1225 2813 1349 2888 miseri,
1372 2810 1420 2875 sic
1440 2820 1554 2874 contra

118 2970 122 2981 .
224 2910 272 2976 itti
294 2912 398 2988 beati,
423 2933 504 2996 quos
524 2912 600 2975 naalli
621 2924 722 2976 metus
744 2924 883 2990 terrent,
908 2913 1012 2976 nullae
1035 2910 1249 2997 aegritudines
1268 2909 1424 2980 exedunt,
1449 2903 1554 2966 nullae
1612 2936 1615 2939 ι

226 3005 372 3069 libidines
394 3005 544 3082 incitant,
579 3007 684 3070 nullae
702 3006 810 3071 futtiles
831 3007 966 3071 laetitiae
989 3006 1216 3070 euettltantcs¹¹
1239 3001 1396 3088 languidis
1419 2995 1554 3081 liquefa-

227 3098 314 3163 ciuut
337 3101 567 3185 voluptatibus.
622 3101 667 3166 Ut
688 3100 903 3185 maris-igitur
925 3100 1137 3186 tranquillitas
1158 3097 1368 3185 intelligitur,
1406 3094 1490 3157 nulla
1513 3109 1553 3153 ne

227 3194 353 3257 minima
374 3196 500 3278 quidem
522 3216 598 3259 auru
618 3194 733 3258 fluctus
757 3206 1000 3259 commovente:
1024 3194 1070 3258 sic
1092 3192 1188 3257 animi
1209 3190 1334 3277 quietus
1359 3199 1389 3252 et
1411 3187 1553 3281 placatus

226 3300 326 3351 status
345 3289 504 3364 cernitur,
526 3311 621 3374 quum
636 3288 836 3371 perturbatio
857 3289 942 3351 nuilla
957 3301 1022 3366 est,
1039 3310 1101 3374 qua
1120 3285 1243 3352 moveri
1255 3293 1363 3370 queat.
1387 3284 1441 3343 ii.
1456 3278 1554 3359 Quod

227 3383 333 3457 sicst;
357 3384 446 3469 qui¹²
469 3383 531 3447 vitu
547 3383 716 3460 fortunae,
740 3382 794 3468 qui
810 3384 915 3446 omnia
925 3385 950 3425 ¹³
972 3384 1123 3457 humana,
1148 3376 1388 3466 quaecunquest
1410 3374 1553 3437 accidere

225 3488 381 3560 possunt,
404 3475 582 3541 tolerabilia
604 3477 716 3567 ducat,
740 3497 781 3539 ea
797 3497 862 3560 quo
884 3495 943 3539 nec
964 3474 1062 3540 timor
1083 3494 1181 3549 eum,
1201 3494 1260 3536 nec
1274 3491 1378 3556 angor
1397 3467 1552 3569 attingam

300 3701 339 3768 (¹)
359 3699 407 3753 Sic
426 3700 513 3754 scrib.
538 3698 609 3757 uidit
638 3701 746 3757 Fabric.
768 3702 906 3763 Obaccntt
924 3720 989 3759 aunt
1010 3704 1101 3760 Gebb.
1126 3662 1209 3775 seqq.
1230 3696 1359 3758 Prtniea:
1380 3729 1417 3744 ·-
1436 3699 1481 3752 M.
1497 3697 1553 3827 g-

163 3871 167 3883 .
222 3777 1009 3924 2111111131·11..(’1..·;.”.”1ἓ.;1.”11
1023 3779 1059 3910 ,⁶3
1065 3778 1244 3927 ..131ξῷἶί
1254 3796 1327 3911 ii:
1341 3775 1555 3924 1ξὲ111211

221 3932 248 3979 ai
267 3929 298 3982 P.
319 3924 371 3980 ola.
392 3929 520 3983 Goercna
540 3927 651 3985 Acadd.
672 3932 698 3985 2.
718 3949 746 4004 p.
769 3935 813 3990 15.
852 3930 890 3998 (ὅ)
908 3924 1023 3984 -Μη
1041 3933 1131 3984 solum
1149 3930 1270 3999 singulis
1289 3928 1340 3982 ed.
1354 3926 1501 3997 Rbediger.
1515 3951 1552 3967 «-

222 4020 280 4054 uon
298 4008 374 4072 ung.
394 4003 477 4055 modo
498 4004 570 4060 oux.
590 4004 643 4061 Da.
663 4006 818 4078 Utrumque
837 4025 871 4060 ex
890 4007 1021 4082 interpol.
1059 4004 1098 4084 (⁷)
1118 4035 1155 4061 -i-
1173 4006 1225 4057 aed
1242 4013 1271 4056 et
1289 4003 1324 4058 D.
1345 4019 1419 4076 saep.
1447 4001 1485 4066 (Β)
1504 3998 1551 4054 ⁵³⁰

220 4078 254 4132 ii.
275 4070 407 4150 (teaiibna
428 4081 463 4134 D.
484 4093 512 4132 et
531 4079 636 4139 Rouu.;
657 4096 719 4134 mea
739 4081 856 4136 collatio
878 4091 975 4152 tacet.)
993 4084 1070 4137 Pith.
1091 4081 1143 4136 Ed.
1164 4097 1217 4136 vet.
1237 4080 1326 4134 Boub.
1347 4078 1382 4133 1).
1406 4088 1431 4135 1.
1450 4075 1504 4134 W·
1524 4079 1551 4129 2·

219 4183 258 4197 -
275 4153 671 4222 contingu‘t’asssttcvutt.
692 4155 761 4211 Lali.
781 4156 819 4232 (⁹)
838 4186 878 4202 -
895 4159 1059 4213 debilitatur
1079 4157 1134 4211 atta
1154 4158 1265 4225 (nescio
1284 4152 1345 4227 qui)
1362 4158 1394 4213 iu
1409 4169 1447 4205 m.
1469 4154 1550 4210 siti.

219 4227 351 4282 Nostram
372 4227 391 4282 l.
413 4227 495 4282 babet
515 4233 570 4284 iam
590 4231 698 4286 Nonius
717 4237 747 4286 in
765 4252 791 4288 u.
811 4233 924 4290 elidere.
962 4234 1013 4310 (¹⁰)
1033 4264 1069 4279 -
1088 4240 1117 4286 et
1136 4233 1285 4289 excultam
1303 4230 1418 4287 aaut.
1444 4226 1496 4297 (¹¹)
1515 4252 1553 4268 -·

219 4312 251 4358 et
266 4305 443 4357 exercitantes
468 4302 502 4358 de
529 4305 602 4358 mall
623 4310 657 4362 ὓ.
682 4324 758 4383 aurp.
779 4311 845 4364 Sch.
871 4314 899 4365 2.
937 4313 976 4379 (12
1008 4310 1055 4364 Sic
1074 4308 1190 4364 distinxi
1210 4324 1275 4363 cnm
1294 4304 1420 4369 Wolfio,
1440 4318 1471 4357 vt
1491 4319 1553 4356 ⁸⁶¹¹·

219 4394 265 4434 sua
285 4384 338 4433 ait:
366 4395 463 4451 ‚aquae
483 4383 507 4434 at
529 4384 567 4434 ite
586 4398 669 4449 suut,
690 4388 730 4450 ia,
751 4389 798 4456 qut
818 4418 837 4429 -
856 4417 875 4430 -
894 4403 952 4445 noa
1008 4403 1069 4441 atus
1089 4386 1169 4440 aiti''
1220 4383 1348 4456 Plerique
1374 4394 1472 4434 contra
1495 4382 1550 4431 tic:

218 4454 359 4525 -Quod
384 4461 410 4507 aa·
435 4464 478 4507 est
506 4461 552 4527 qut
577 4462 709 4513 cimaea.
737 4458 768 4513 ld
789 4478 844 4517 eata
877 4463 978 4535 „quod
997 4466 1020 4516 sl
1041 4465 1102 4534 qnia
1122 4476 1182 4526 est,
1211 4465 1258 4532 qut
1279 4490 1298 4504 -
1317 4490 1336 4503 -
1355 4455 1457 4521 ducati
1488 4484 1509 4497 ·
1533 4481 1552 4495 ·

217 4547 266 4584 cnr
298 4535 321 4585 ia
348 4529 520 4595 nonbeatua
540 4532 621 4585 aiti''
673 4534 726 4601 (11)Ἰ
745 4552 801 4590 om.
821 4546 917 4591 omnia
939 4538 1062 4593 ABSEC.
1116 4537 1166 4604 (¹⁴)
1187 4533 1235 4588 Sic
1254 4536 1288 4590 li.
1307 4534 1392 4607 (teste
1415 4536 1465 4589 lla
1491 4543 1551 4581 nm

97 4656 101 4665 ,
217 4604 333 4660 collatio
354 4611 451 4673 tacet.)
470 4606 544 4661 Pith.
566 4605 642 4660 Leid.
663 4611 735 4669 03¹.
755 4612 1012 4672 ABSECMLDW.
1031 4628 1069 4666 eo
1089 4630 1158 4685 quaa
1177 4616 1271 4680 eatque
1284 4611 1311 4661 b.
1326 4625 1390 4661 cnm
1405 4607 1468 4660 aliia
1482 4600 1552 4657 edd.

214 4680 247 4735 Ρ.
268 4682 355 4737 mCV·
375 4680 468 4739 Gebh·
489 4681 558 4735 Ltll»
580 4689 605 4740 l·
625 4687 653 4738 2.
671 4700 710 4739 ω
728 4704 798 4758 quae
816 4695 944 4761 culquam
964 4688 1014 4745 Cd.
1034 4688 1163 4753 schotti,
1185 4684 1263 4760 prob.
1286 4684 1405 4738 schotto
1426 4700 1453 4756 p.
1477 4683 1550 4743 333u

214 4770 249 4809 aa
276 4754 408 4810 laudante
435 4759 467 4813 Ρ.
493 4756 555 4831 Syri
583 4760 761 4816 verticulum:
793 4763 891 4816 cauves
918 4773 1014 4837 potest
1033 4762 1175 4827 accidere,
1208 4758 1284 4832 quod
1301 4763 1428 4829 cuiquam
1444 4762 1550 4828 potesl-

215 4834 285 4885 item
309 4831 448 4887 Bentleio.
474 4834 525 4888 Da.
555 4832 687 4889 Ceterum
708 4837 776 4892 baec
795 4845 891 4894 omnia
910 4856 1084 4913 quaecamque
1103 4856 1163 4895 aec.
1179 4848 1405 4911 peasacmere
1424 4833 1493 4887 Era.
1515 4856 1551 4873 -

214 4910 263 4977 pal
280 4913 391 4973 omnia,
411 4906 519 4961 homiui
535 4927 608 4982 quoa
626 4910 752 4965 cecidere
768 4925 890 4987 pmewat
910 4917 1033 4970 Nisaeaii
1052 4930 1128 4990 susp.
1228 4930 1244 4949 tf
