3384 5359
685 240 881 343 ‘Annua
903 276 951 341 v.
1239 303 1244 310 ·
1425 280 1488 348 aas

160 418 284 496 efficere
300 435 358 473 tren
372 423 480 492 possit,
512 425 545 472 ut
561 422 690 491 cuiquem
707 421 829 473 vacuitas
849 415 957 474 doloris
976 425 1007 471 et
1024 417 1160 491 uoluptas
1177 418 1251 472 idem
1268 438 1328 474 esse
1345 420 1489 478 videatur.

161 496 236 552 lbid.
256 513 317 571 cap.
335 499 380 555 6.:
400 494 577 563 coniungere
597 493 702 547 doloris
722 498 889 549 vacuitatem
909 512 971 547 eum
988 494 1288 568 uoluptatercap.11
1339 497 1488 561 callipho„
1577 489 1584 512 ‘

160 572 203 624 ed
219 578 356 625 uirtutem
374 568 445 621 nihil
462 569 612 635 aditrnait,
632 575 689 622 nisi
705 570 901 641 uoluptatem,-
925 569 1087 636 Diodorus,
1106 575 1162 622 nisi
1181 577 1348 625 vacuitatem
1368 572 1490 637 doloris;

125 701 132 706 ,
159 665 224 722 cap.
246 653 291 707 13.
329 645 364 698 ln
381 646 527 716 voluptate
545 663 681 696 summum
701 646 802 697 tronum
823 663 948 718 ponere,
976 651 1185 698 contemnentes
1207 653 1294 700 istam
1316 655 1490 701 vacuitatem

159 724 280 777 doloris.
319 720 390 775 lbid.
411 722 470 786 Ill,
491 726 533 775 2.:
553 721 609 791 Qui
626 727 796 775 vacuitatem
815 720 921 774 doloris
933 719 1028 794 finem
1046 721 1180 773 bonorum
1199 740 1258 775 esse
1276 723 1442 784 voluerum
1461 740 1490 779 et

160 814 223 874 cap.
243 802 271 856 9.
314 797 406 868 Quum
431 804 482 849 aut
505 796 694 868 voluptatem,
721 806 773 849 aut
799 801 966 850 vacuitatem
992 795 1115 860 doloris,
1139 806 1191 849 atet
1204 804 1300 869 prime
1317 808 1439 850 natiuae
1457 805 1490 852 in

158 878 278 926 scammis
295 873 375 925 honis
390 879 546 943 ponereut;
566 876 687 945 cap.15.
716 872 754 924 tu
772 877 803 926 in
821 872 995 937 valetudine,
1015 881 1047 923 ut
1064 877 1095 924 in
1113 876 1281 942 integritate
1300 891 1439 940 sensuum,
1458 883 1491 927 ut

159 949 315 1003 indotatis
335 953 483 1001 vacuitate.
524 945 595 1000 lbid.
614 947 670 1011 Vl,
693 954 751 1006 ta:
782 949 873 1017 Qttam
898 943 1001 1001 bonam
1024 948 1229 1015 valetudinem,
1254 968 1337 1020 quarn
1362 950 1512 1005 dolonem·

159 1031 287 1079 omnium
307 1028 484 1088 vacuitatem,
504 1040 587 1093 quam
597 1013 803 1091 'integritatem
821 1040 969 1085 sensuram,-
987 1031 1107 1100 cap.11.
1133 1023 1321 1077 Desideraret
1337 1033 1412 1079 enim
1429 1045 1489 1078 va·

158 1101 327 1170 latudinem,
353 1104 519 1152 vacuitatem
539 1096 659 1159 doloris;
679 1113 739 1171 cap.
761 1105 806 1159 15.
850 1100 965 1162 Sumnta
990 1106 1075 1150 erunt
1098 1098 1166 1164 illa,
1190 1100 1339 1168 valetudo,
1366 1106 1489 1156 vacuitas

158 1173 283 1244 doloris,
308 1173 488 1246 pulchritudo
506 1181 537 1224 et
556 1180 668 1234 cetera,-
694 1188 755 1246 cap.
776 1178 822 1234 tlt.
862 1175 900 1226 Ut
918 1192 954 1225 ne
971 1179 997 1226 is
1015 1174 1124 1246 quidem
1141 1179 1250 1227 virtttte
1269 1194 1324 1228 tuta
1342 1173 1498 1230 contentu?

157 1257 209 1318 sit,
228 1252 279 1303 sed
295 1259 411 1322 appetat
429 1254 597 1302 vacuitatem
611 1247 729 1306 doloris:
750 1265 812 1323 cap.
825 1252 870 1307 25.
902 1249 997 1316 lloges
1009 1252 1182 1316 Aristonem,
1200 1250 1490 1305 Bonaneeitridean-
1526 1287 1529 1298 ›

159 1337 210 1381 tur
234 1326 319 1392 haec,
348 1329 471 1378 vacuitas
498 1323 618 1388 doloris,
649 1323 783 1391 divitiae,
812 1324 968 1376 valetudo?
998 1335 1094 1394 neget.
1133 1326 1258 1398 Denique
1286 1326 1390 1388 ibidem
1408 1331 1443 1392 V,
1462 1334 1491 1387 ὀί

156 1403 312 1457 Praetereo
324 1402 548 1473 Hieronymum:
566 1417 702 1471 summum
715 1405 788 1451 enirn
806 1399 909 1451 bonrum
926 1406 1066 1468 exposcat,
1087 1404 1253 1456 vacuitatem
1271 1401 1385 1457 doloris.
1413 1402 1490 1473 Quid

158 1480 248 1552 ergo?
278 1478 410 1530 Toticsne
437 1481 467 1529 in
492 1493 548 1529 uno
574 1474 742 1528 delinibat
768 1474 907 1529 volumine
926 1475 1008 1548 plane
1028 1475 1157 1530 extulerit
1175 1483 1347 1530 vacuitatem
1365 1478 1492 1538 doloris,-

158 1555 209 1608 bic
229 1558 258 1606 itt
277 1552 458 1616 Tusculanis,
485 1549 533 1604 ubi
559 1550 645 1603 semel
670 1549 812 1605 dumtaxat
839 1549 869 1604 id
894 1566 1045 1617 memorat,
1068 1557 1241 1605 unatritatem
1267 1552 1351 1607 modo
1378 1553 1490 1622 dixerit,

158 1635 240 1682 cuius
261 1644 353 1680 autem
374 1632 413 1680 rei
435 1625 612 1679 divinandum
630 1625 730 1678 lectori
750 1626 911 1696 reliquerit?
931 1629 1008 1696 Quin
1020 1624 1128 1681 valeant
1142 1632 1235 1700 potius
1252 1646 1316 1684 cum
1335 1635 1391 1684 suis
1411 1627 1490 1684 codi-

158 1699 260 1771 cibus,
280 1708 327 1775 qui
348 1703 420 1755 banc
441 1701 579 1754 maculam
599 1703 729 1755 Ciceroni
750 1701 862 1755 student
883 1706 1002 1755 inurere.
1103 1737 1110 1748 .

237 1778 316 1831 Car.
330 1778 441 1831 xxxi.
460 1777 537 1828 Nam
557 1784 588 1827 ut
606 1785 774 1848 prraestuosa
792 1785 962 1841 mercatura,
973 1775 1133 1847 fructuosa
1152 1783 1249 1830 aratio
1261 1778 1375 1844 dicitur,
1394 1797 1451 1831 non
1463 1785 1491 1832 ti

157 1855 254 1906 altera
273 1871 380 1925 semper
398 1858 475 1903 omni
494 1851 606 1916 damno,
623 1852 720 1903 altera
736 1857 828 1905 omnis
842 1858 1020 1922 tempestatis
1033 1853 1195 1905 calamitate
1207 1872 1316 1925 semper
1327 1854 1425 1926 vacet]
1445 1856 1490 1909 lta

157 1934 256 2003 scripti
278 1927 415 2000 editique:
435 1925 484 1980 sed
503 1926 611 1998 liquido
632 1941 740 1982 constat
758 1925 907 2000 legendum
926 1944 1003 1992 esse,
1026 1933 1103 1979 omni
1121 1935 1298 1999 tempestatis
1314 1931 1488 1985 calauritate.

237 2003 328 2059 lbid.
354 2004 489 2073 Sequetur
509 2007 600 2071 igitur
618 2000 756 2056 bonorum
775 2008 887 2054 ratione
906 2002 955 2055 uel
971 2002 1012 2054 ad
1028 2003 1192 2075 supplicium
1210 2005 1294 2056 beata
1311 2010 1374 2058 uita
1389 1994 1490 2058 uirtu-

158 2080 231 2154 tem]
257 2082 365 2134 Primae
387 2076 552 2132 Gebhardus
572 2076 661 2131 edidit
678 2077 828 2132 Bonorum.
840 2096 874 2130 ex
892 2083 1053 2132 coniectura
1073 2077 1200 2133 Andreae
1220 2079 1345 2134 Schotti:
1363 2097 1490 2154 praeser-

159 2163 212 2210 tim
231 2172 316 2229 quum
336 2160 365 2208 in
384 2152 530 2207 codicibus
555 2155 705 2208 invenisset
724 2154 878 2207 Honorum.
917 2153 997 2207 Nihil
1021 2159 1114 2228 potuit
1140 2153 1272 2210 deterius.
1311 2154 1387 2226 Quid
1413 2163 1490 2210 enim

157 2231 306 2286 illidunt?
326 2245 374 2283 aut
394 2246 463 2301 quae
483 2229 575 2282 bona?
603 2231 712 2283 Priores
733 2227 871 2282 editiones
890 2246 954 2282 eum
975 2245 1022 2283 tuo
1042 2227 1139 2283 codiee
1159 2229 1294 2284 EORVM
1312 2237 1440 2284 ratione:
1460 2230 1491 2286 id

157 2323 203 2361 est
216 2310 476 2380 Peripateticorum,
496 2322 612 2377 quorum
625 2308 771 2377 opiniones
785 2310 840 2358 iam
856 2320 989 2358 recenset.
1017 2307 1191 2359 Rectissime.
1219 2307 1265 2359 Sic
1283 2305 1352 2360 infra
1369 2323 1429 2380 cap.
1443 2313 1490 2369 37.

156 2382 308 2436 Postremo
327 2381 367 2433 ad
384 2399 480 2434 omnes
497 2399 580 2433 castis
590 2378 740 2451 facillima
760 2385 832 2433 ratio
852 2395 894 2433 est
914 2396 1020 2446 eorum,
1039 2385 1086 2451 qut
1103 2380 1335 2452 ad=uoluptatem
1353 2401 1387 2434 ea
1406 2380 1491 2453 refe-

156 2466 245 2523 runt,
265 2476 335 2529 quae
353 2465 503 2528 sequuntur
522 2462 552 2508 in
570 2461 642 2509 vita.
681 2455 725 2507 Ita
744 2455 826 2508 alibi:
859 2456 1031 2527 Cynicorum
1049 2460 1142 2521 ratio,
1166 2473 1245 2523 mea,
1270 2465 1320 2508 tua
1338 2462 1415 2510 ratio
1434 2472 1490 2513 cet.

235 2531 327 2586 lbid.
354 2534 490 2603 Sequetur
508 2537 599 2601 igitur
617 2530 717 2582 horum
735 2536 847 2583 ratione
865 2531 915 2582 vel
930 2530 970 2582 ad
987 2533 1151 2602 supplicium
1169 2532 1254 2583 beata
1267 2538 1332 2585 uita
1342 2537 1489 2599 uirtutem,

155 2627 272 2680 cumqtee
297 2626 332 2661 ea
357 2607 503 2660 descendet
528 2612 560 2659 in
585 2614 714 2672 taurum,
740 2606 916 2671 Aristotele,
942 2605 1121 2672 Xenocrate,
1148 2607 1314 2679 Speusippo,
1342 2607 1489 2680 Polemone

156 2684 339 2745 auctoribusr
363 2701 413 2735 nec
432 2701 494 2735 earn
513 2685 639 2744 minimis
659 2681 858 2734 blandimentis
876 2690 1011 2750 corrupta
1029 2681 1150 2751 deseret]
1177 2684 1221 2735 lta
1240 2681 1358 2753 quidem*
1369 2683 1489 2737 libratii:

156 2758 207 2814 sed
228 2775 369 2830 nunquam
389 2759 459 2811 mihi
480 2755 684 2831 persuadebunt
704 2761 745 2810 sic
765 2773 780 2808 a
801 2754 897 2809 Tullio
918 2754 1073 2828 proiectum
1094 2775 1164 2812 esse.
1197 2757 1273 2827 Quid
1293 2763 1368 2812 enim
1387 2764 1491 2813 sinon

156 2840 299 2902 minimis,
326 2834 374 2887 sed
394 2837 523 2887 maximis
543 2848 569 2885 et
590 2836 794 2905 potentissimis
820 2830 1019 2884 blandimentis
1047 2843 1182 2893 tentatum
1215 2851 1251 2886 an
1276 2849 1336 2887 tum
1362 2833 1490 2887 deseret?

157 2908 227 2984 qnid
246 2913 358 2966 antemi
386 2926 423 2962 sn
440 2909 508 2963 eolis
527 2908 672 2962 blanditiis
693 2907 766 2980 apud
785 2906 941 2961 Phalaridis
963 2922 1073 2960 taurum
1092 2926 1135 2961 res
1156 2913 1266 2978 agitari
1287 2908 1358 2962 nihii
1378 2909 1418 2962 ibi
1437 2913 1491 2962 mi-

156 3002 274 3060 narum,
292 2975 365 3039 nihil
384 2986 517 3039 terrorisl
537 2985 620 3037 Videt
639 2989 710 3049 iam,
733 2989 842 3057 opinor,
864 2981 987 3057 vulgatae
1006 2982 1136 3037 lectionis
1157 2989 1330 3056 pravitatem.
1367 2984 1413 3037 Tu
1430 2984 1490 3058 lege

156 3078 223 3115 meo
242 3060 384 3133 periculo,
403 3061 464 3112 Nec
482 3077 545 3112 eant
564 3059 673 3115 Mlius
693 3057 770 3113 AUT
789 3057 987 3110 blandimentis
1005 3067 1139 3131 corrupta
1158 3059 1275 3113 deseret.

235 3134 329 3191 lbid.
355 3135 461 3206 Reliqui
479 3133 580 3187 habere
598 3152 628 3186 se
646 3134 781 3188 videntur
800 3139 967 3201 augentius,
987 3142 1106 3185 enatant
1124 3141 1228 3200 tamen,
1248 3134 1395 3206 Epicurus,
1415 3134 1492 3185 Hie·-

159 3230 313 3285 ronymus,
334 3221 362 3264 et
379 3217 406 3264 si
425 3215 472 3283 qui
489 3218 572 3274 sunt,
592 3215 639 3281 qui
658 3210 792 3264 disertum
813 3211 892 3262 illum
912 3210 1086 3263 Carneadem
1105 3219 1204 3261 curent
1221 3209 1391 3280 defendere:
1410 3228 1492 3264 nenio

157 3297 205 3341 est
224 3293 313 3352 enim,
334 3293 381 3360 qui
401 3303 498 3340 eorum
518 3287 652 3338 bonomm
670 3290 793 3337 animum
813 3303 869 3338 non
886 3291 971 3357 putet
989 3303 1048 3336 esse
1067 3284 1201 3350 iudicem,
1221 3303 1333 3356 eumque
1351 3286 1492 3338 condoce-

150 3363 272 3438 facint,
291 3371 324 3416 ut
343 3382 393 3429 ea,
412 3380 481 3434 quae
500 3360 573 3413 bona
592 3361 703 3413 malave
721 3361 885 3425 videantur,
901 3367 995 3432 possit
1014 3363 1203 3428 contemnere]
1227 3361 1292 3415 Non
1311 3360 1403 3435 placet
1422 3358 1492 3418 illud

157 3440 317 3492 Disertum.
360 3438 430 3491 Esto
458 3441 533 3490 enim
559 3428 774 3502 disertissimus,
805 3451 835 3489 ut
861 3451 926 3489 sane
952 3434 1020 3488 fuit:
1054 3431 1215 3489 indecenter
1242 3451 1336 3490 tamen
1355 3442 1399 3491 sic
1417 3453 1492 3489 nunc

159 3514 324 3588 appellatur.
363 3516 418 3581 Qui
439 3517 514 3565 euim
535 3511 659 3563 disertus
677 3526 735 3578 est,
761 3529 817 3565 non
838 3527 907 3580 opus
927 3509 1011 3563 babet
1030 3507 1190 3580 defensore.
1228 3511 1345 3566 Codices
1366 3512 1493 3585 plerique¹

159 3588 234 3661 apud
260 3588 441 3645 Gebhardam
466 3586 673 3641 DESERTUM
698 3587 810 3640 babent.
856 3587 1037 3649 Rectissime,
1063 3601 1094 3638 ut
1121 3601 1148 3639 et
1175 3586 1297 3641 Grutero
1323 3592 1414 3641 visum
1439 3602 1492 3642 est.

157 3666 285 3718 Deserto
305 3670 382 3718 enim
401 3680 429 3718 et
449 3661 594 3728 derelicto,
613 3661 655 3718 tut
675 3660 801 3733 profecto
822 3678 891 3735 opus
913 3677 954 3714 est
975 3660 1111 3714 advocato
1124 3677 1151 3715 et
1164 3677 1292 3734 patrono.
1319 3661 1387 3716 ideo
1400 3678 1492 3717 autem

158 3739 317 3794 Carneades
337 3739 479 3803 desertus,
506 3742 571 3810 qaia
591 3742 615 3791 is
634 3753 722 3790 novae
742 3734 909 3791 Academiae
929 3740 1063 3808 princeps
1084 3752 1187 3809 paucos
1207 3738 1305 3792 babuit
1325 3751 1492 3793 sectatores:

156 3821 240 3870 caius
260 3833 353 3870 tumen
372 3813 550 3887 disciplinam
570 3814 667 3867 Cicero
685 3818 747 3886 ipse
767 3811 838 3887 apud
859 3812 974 3865 Latinos
995 3810 1179 3868 instaurabat.
1216 3814 1319 3868 Noster
1339 3811 1372 3865 de
1385 3814 1493 3870 Natura

158 3894 286 3947 Deorum
306 3892 337 3955 l,
355 3895 383 3951 5.
420 3888 525 3942 Multis
542 3892 628 3944 eliam
646 3893 722 3940 sensi
739 3888 868 3940 mirabile
886 3887 991 3952 videri,
1012 3905 1073 3939 eam
1092 3888 1172 3940 nobis
1187 3894 1364 3958 potissimum
1379 3887 1492 3959 proba-
1587 3895 1589 3900 '

158 3974 221 4019 tam
234 3984 292 4018 esse
301 3964 516 4037 philosophiam,
535 3982 605 4034 quae
617 3963 705 4015 mecm
717 3969 840 4036 eriperet
858 3972 886 4015 et
904 3967 987 4036 quasi
1005 3970 1115 4015 noctem
1133 3963 1274 4034 quandam
1292 3962 1374 4015 rebus
1393 3958 1493 4033 offun-

46 4067 54 4084 =
158 4041 257 4103 deret,·
286 4038 574 4110 DESERTAEQttE
590 4038 753 4111 disciplinae
771 4057 806 4091 nc
824 4038 1012 4112 iampridem
1031 4039 1148 4090 relictae
1163 4044 1354 4111 patrocinium
1374 4044 1493 4111 necopi-

158 4124 261 4169 natum
279 4136 298 4168 a
315 4117 396 4169 nobis
413 4133 474 4168 esse
491 4122 657 4187 susceptum.
695 4114 805 4184 Quibus
831 4115 900 4169 haec
925 4105 1124 4170 obiicienttbus
1151 4117 1192 4167 ita
1217 4115 1358 4188 respondit
1383 4129 1444 4187 cap.
1464 4117 1491 4172 6.

157 4193 223 4248 Nec
241 4210 311 4245 uero
329 4190 601 4245 DESERTARUM
623 4190 837 4260 relictarumque
864 4207 959 4244 rerum
981 4194 1173 4260 patrocinium
1196 4193 1376 4263 suscepimus.
1414 4189 1493 4247 Haec
1554 4221 1559 4228 -

158 4272 283 4320 enimin
301 4265 482 4336 Philosophia
500 4271 576 4318 ratio
592 4263 728 4338 prosecta
747 4284 767 4316 a
785 4266 918 4331 Socrate,
946 4270 1068 4336 repetita
1086 4264 1123 4315 ab
1141 4265 1290 4332 Arcesila,
1317 4262 1493 4337 confirmata

156 4363 179 4396 a
206 4341 439 4410 cratium,
471 4359 556 4413 usque
580 4340 621 4394 ad
642 4349 771 4394 nostram
796 4346 893 4410 uiguit
917 4347 1057 4392 aetatemc
1088 4357 1171 4412 quam
1196 4357 1269 4392 nunc
1291 4340 1492 4412 propemodum

159 4417 306 4472 outtAM
319 4436 380 4470 esse
399 4423 429 4470 in
447 4423 510 4491 ipsa
522 4417 645 4470 Graecia
664 4418 813 4486 intelligor
831 4415 907 4488 quod
921 4433 979 4467 non
991 4414 1162 4468 Academiae
1180 4420 1263 4480 vitio,
1283 4414 1334 4466 sed
1351 4414 1492 4467 tarditate

157 4492 302 4547 hominum
320 4493 447 4546 arbitror
467 4496 630 4561 contigisse.
663 4492 725 4545 Hoc
743 4496 879 4565 primum:
902 4507 966 4543 narn
986 4504 1014 4543 et
1033 4506 1119 4544 restat
1139 4488 1267 4555 alterum,
1288 4488 1360 4560 quod
1381 4505 1408 4543 et
1427 4505 1492 4543 vero

157 4574 274 4643 propius
294 4585 321 4623 et
340 4570 408 4623 huic
428 4574 469 4623 rei
489 4563 739 4621 accommodatius.
776 4567 930 4620 Desertum
949 4568 1036 4639 igitur
1060 4570 1173 4637 accipe,
1200 4564 1237 4619 ob
1263 4570 1431 4619 sententiam
1457 4561 1491 4617 de
1593 4595 1597 4606 -

149 4663 268 4706 ,summo
286 4644 378 4713 bono,
403 4661 486 4717 quam
505 4649 529 4698 is
549 4648 655 4716 primus
675 4639 845 4709 introduxit,
872 4657 982 4714 etpost
1003 4658 1066 4694 eum
1086 4657 1169 4695 nemo
1188 4656 1230 4694 est
1250 4656 1376 4694 secutus:
1406 4641 1493 4693 Sum-

150 4739 234 4778 ,mum
252 4720 355 4773 bonurn
371 4737 447 4787 esse,
466 4716 537 4791 frui
555 4725 592 4771 iis
610 4716 710 4786 rebus,
735 4736 805 4790 quas
818 4724 932 4791 primas
950 4725 1057 4768 natura
1076 4716 1295 4770 conciliavisset.
1333 4713 1403 4768 Vide
1421 4718 1494 4769 Aca·

158 4793 232 4849 dem.
252 4796 301 4851 lv.
340 4796 432 4860 Huic,
453 4800 580 4867 inquam,
599 4797 755 4848 sententiae
775 4810 858 4846 nemo
876 4790 911 4844 ab
931 4797 990 4845 eins
1012 4789 1091 4845 obitu
1110 4797 1300 4865 patrocinatus
1320 4807 1373 4844 est.
1411 4788 1493 4848 Unde

156 4872 262 4942 Noster
280 4871 323 4938 De
341 4871 403 4930 lin.
423 4872 477 4948 lv,
490 4878 534 4934 18.
554 4869 618 4926 loco
638 4869 720 4925 huius
740 4867 900 4926 simillimo:
924 4866 1001 4940 Quid
1017 4873 1114 4942 censes
1131 4884 1181 4923 eos
1199 4885 1258 4924 esse
1269 4864 1426 4946 facturos,
1445 4870 1494 4938 qai

515 5053 536 5080 N
