3384 5359
603 302 697 367 nm.
721 303 768 366 v.
813 258 855 369 c.
879 303 933 370 ss.
956 304 1009 368 aa.
1413 312 1473 375 tat
1581 260 1583 265 ’

154 443 290 519 tabulis,
314 443 431 517 ludis².
491 442 618 528 Siquis
640 455 708 519 est,
741 445 796 530 qui
817 445 865 509 his
888 446 1082 523 delectetur,
1106 469 1211 512 nonne
1233 450 1340 514 melius
1362 440 1472 518 tenues

151 539 300 604 homines
319 539 499 613 drutmtur,
538 561 630 623 quam
660 540 726 617 illi,
762 539 821 624 qui
847 542 920 602 his²
953 541 1136 605 abundant?
1179 545 1239 606 Est
1260 536 1343 607 enitn¹
1366 568 1473 610 earum

149 637 258 697 rerum
283 632 420 725 omnium
442 645 554 697 nostra
575 635 675 697 urhe³
706 655 824 699 summa
845 635 876 698 in
899 635 1030 716 publico
1054 636 1159 717 copia.
1218 638 1307 718 Quae
1330 640 1385 723 qui
1406 640 1472 722 pri·

149 726 271 789 ratitn⁴
290 729 425 802 habeut,
462 740 603 791 nectam
626 728 744 799 multa,
769 740 799 790 et
822 748 897 791 raro
920 726 1048 801 vident,
1072 751 1169 812 quum
1191 728 1222 792 in
1244 753 1298 794 sua
1321 755 1395 796 rura
1418 755 1473 798 ve·
1537 767 1539 772 ¹

31 874 34 880 .
72 835 76 839 ’
148 822 285 883 nerunt⁵
299 843 307 882 :
332 842 414 904 quos
438 833 539 884 tamen
563 823 674 904 pungit
696 821 841 906 aliquid,
866 845 981 906 quum,
1006 824 1057 884 illa
1080 825 1161 886 uude
1183 826 1336 901 habeant,
1360 847 1474 889 recor·

154 918 282 981 dantur.
341 916 419 980 Dies
442 915 603 989 deliciet⁶,
627 916 655 977 si
672 916 765 978 velim
780 917 974 998 paupertatis
990 938 1114 979 causam
1132 918 1311 982 defendere.
1347 921 1473 1001 Aperta

152 1008 237 1071 enim
258 1030 313 1070 res
335 1022 399 1085 cst,
425 1022 455 1072 et
477 1009 618 1093 quotidie
635 1030 693 1095 nos
716 1008 784 1090 ipsa
803 1022 912 1083 natura
929 1012 1093 1086 admonet,
1119 1035 1212 1095 quam
1227 1012 1354 1095 paucis,
1380 1036 1472 1099 quam

147 1102 263 1186 parvis
285 1105 382 1164 rebus
405 1114 515 1186 egeat,
540 1124 631 1187 quam
656 1102 784 1166 vilibus.
1404 1172 1407 1179 ¹

234 1197 405 1259 xxxvi.
438 1196 512 1259 103.
543 1198 627 1259 Num
651 1197 748 1280 igitur
769 1197 974 1282 ignobilitas,
1013 1210 1067 1263 aut
1089 1201 1265 1275 humilitas,
1305 1192 1471 1265 autetiam
1540 1186 1543 1200 ⁴

147 1289 318 1372 popularis
354 1289 516 1366 offensio,
555 1289 724 1370 sapientem
762 1292 889 1354 beatum
925 1315 994 1356 esse
1037 1294 1246 1375 prohibebit?
1284 1295 1393 1371 Vide,
1433 1299 1478 1358 ne¹

147 1384 222 1464 plus
253 1383 483 1447 commendatio
517 1382 546 1444 in
581 1383 717 1465 vulgus,
759 1396 789 1447 et
818 1385 899 1447 haec
934 1407 1014 1470 quae
1050 1388 1212 1467 expetitur
1241 1387 1364 1472 gloria,
1403 1409 1473 1471 rno-

147 1475 262 1539 lestiae
294 1478 436 1549 habeat,
486 1498 577 1559 quam
622 1477 807 1558 voluptatis.
843 1478 1042 1542 fLeviculus
1078 1502 1152 1543 sane
1188 1481 1317 1545 noster⁷
1349 1482 1473 1544 Demo·
1569 1562 1571 1565 .

147 1572 297 1645 sthenes,
321 1569 377 1653 qui
399 1570 455 1632 illo
476 1590 608 1633 susurro
640 1569 789 1633 delectari
817 1591 851 1632 se
883 1571 1006 1635 dicebat
1035 1595 1147 1656 aquam
1178 1574 1310 1638 ferentis
1339 1574 1470 1638 mulier·

152 1665 265 1738 culae,
303 1654 338 1725 tit
361 1684 430 1726 mos
452 1661 482 1726 in
504 1662 639 1726 Graecia
673 1674 738 1738 est,
771 1663 1061 1750 insusurrantisque
1091 1666 1198 1743 alteri,
1234 1668 1301 1732 Hie
1334 1680 1385 1731 est
1417 1669 1474 1731 ille

148 1759 411 1823 Demosthenes.
457 1757 542 1837 Quid
569 1759 632 1822 hoc
654 1757 777 1820 levius?
810 1761 857 1842 ᾼῑ
879 1771 1012 1842 quantus
1035 1763 1164 1827 orator!
1201 1764 1258 1824 sed
1278 1763 1361 1842 apud
1391 1761 1471 1824 alios

148 1850 242 1936 loqui
265 1852 410 1914 videlicet
441 1850 612 1925 didicerat,
644 1873 714 1915 non
733 1850 866 1913 nutltum
903 1852 970 1933 ipse
998 1840 1120 1916 secum.
1177 1855 1250 1927 101.
1286 1852 1470 1937 Intelligen-

148 1947 225 2007 dum
247 1957 296 2007 est
315 1943 435 2029 igitur,
466 1965 524 2006 nec
547 1944 682 2027 gloriam
705 1944 890 2025 popularem
921 1944 1020 2027 ipsam
1051 1967 1109 2028 pet·
1130 1947 1221 2009 sese⁸
1244 1947 1469 2027 expetendam,

148 2058 212 2098 nec
232 2036 463 2120 ignobilitatem
486 2036 762 2099 extimescendam.
799 2039 887 2102 Veni
914 2041 1085 2114 Athenas,
1121 2038 1222 2122 iuquit
1244 2039 1470 2103 Democritus:

91 2142 96 2155 ·
148 2151 258 2213 rteqtse
273 2151 326 2192 me
344 2128 524 2214 quisquam
540 2128 601 2209 [ihi
609 2128 636 2208 ⁹]
659 2130 811 2212 ognovit.
858 2129 1064 2195 Constantem
1082 2131 1239 2195 hominem
1262 2143 1293 2194 et
1316 2135 1467 2216 gravem!

146 2222 206 2307 qui
234 2222 410 2308 glorietur,
445 2245 463 2285 a
497 2221 606 2307 gloria.
630 2244 665 2286 se
689 2222 817 2287 aluisse.
862 2226 916 2287 An
938 2223 1103 2300 tibicines,
1138 2223 1223 2309 iique
1235 2225 1258 2263 ¹⁰
1281 2226 1334 2310 qui
1355 2225 1468 2288 fidibus

147 2327 301 2392 utuntur,
331 2338 409 2391 suo,
444 2337 508 2380 non
530 2315 735 2378 multitudinis
758 2316 918 2399 arbitrio,
938 2331 1046 2381 cantus
1069 2338 1282 2399 numerosque
1301 2321 1468 2382 moderan-

148 2420 222 2472 tur:
248 2410 297 2472 vir
319 2409 463 2491 sapiens,
487 2410 586 2473 multo
609 2421 676 2473 arte
698 2409 816 2474 maiore
838 2410 1021 2492 praeditus,
1045 2433 1135 2488 non,
1175 2411 1251 2497 qu'td
1272 2410 1470 2477 verissimum

150 2502 210 2577 sit,
233 2505 290 2565 sed
302 2502 378 2587 quid
394 2502 470 2565 velit
485 2503 626 2587 vulgus,
643 2503 815 2587 exquiret?
837 2506 890 2567 An
907 2505 1074 2587 quidquam
1090 2505 1235 2579 stultius,
1259 2527 1371 2589 quom,
1388 2525 1469 2588 quos

150 2595 296 2679 singulos
310 2596 390 2658 sicut
402 2599 568 2677 operarios
583 2598 801 2680 barbarosque
816 2610 1017 2674 contemnas,
1035 2620 1091 2663 eos
1107 2598 1223 2682 aliquid
1237 2609 1349 2680 putare
1365 2619 1433 2661 esse
1444 2600 1469 2638 ¹¹

149 2687 345 2752 universos?
367 2690 427 2752 Ille
447 2710 528 2752 vero
550 2703 676 2752 nostras
699 2691 886 2754 ambitiones
908 2690 1115 2776 levitatesque
1138 2704 1333 2769 contemnet,
1366 2694 1469 2757 hono-

149 2802 268 2867 resque
288 2783 420 2864 populi,
451 2783 541 2846 etiam
564 2782 649 2846 ultro
673 2782 813 2859 delatos,
852 2783 1052 2864 repudiabit:
1081 2807 1141 2847 nos
1163 2797 1265 2848 autem
1288 2806 1345 2848 eos
1366 2787 1470 2849 nesci·

149 2895 239 2950 ntus,
262 2887 428 2959 autequam
449 2875 614 2958 poenitere
636 2875 759 2957 coepit,
792 2887 1008 2941 contemnere.
1068 2879 1140 2943 105.
1175 2881 1234 2943 Est
1257 2882 1340 2961 apud
1361 2878 1466 2959 Hera-
1572 2883 1577 2893 ’

148 2967 260 3031 clitum
281 2971 444 3051 physicum
468 2972 506 3033 de
520 2969 664 3053 principe
679 2970 892 3053 Ephesiorum
907 2973 1137 3038 Hermodoro:
1163 2976 1349 3051 universos,
1375 2973 1466 3050 ait¹²,

225 3216 263 3281 (¹)
282 3231 388 3287 -pro
414 3214 504 3266 ludis:
537 3215 641 3266 tabulis
656 3221 742 3287 pictis
761 3215 881 3285 Quidam
908 3215 979 3288 apud
999 3216 1115 3284 Lamb,
1148 3221 1206 3290 ipso
1226 3217 1346 3290 improb.
1366 3220 1469 3271 Rursus

148 3289 242 3343 Bentl.
262 3287 307 3354 0.,
321 3288 399 3362 prob.
422 3289 489 3342 Lall.
511 3304 537 3343 et
557 3292 666 3344 Nissen.
684 3319 724 3334 -
742 3293 857 3358 tabidis,
880 3293 1012 3344 eolttmru's
1029 3292 1065 3345 D.
1085 3309 1157 3363 susp.
1180 3291 1258 3363 prob.
1278 3293 1342 3345 Sch.
1363 3294 1470 3346 Rectis-

148 3370 220 3418 time
240 3362 308 3417 cdd
329 3364 479 3418 lectionem
499 3364 647 3419 vindicavit
661 3367 751 3421 Bouh.
771 3366 808 3441 (2)
821 3383 859 3420 eo
872 3372 907 3417 iis
920 3365 1066 3436 utrobique
1078 3366 1129 3418 SE.
1150 3363 1187 3440 (³)
1208 3367 1254 3420 Sic
1270 3365 1471 3421 110οά0..-

147 3444 253 3492 nensis.
282 3439 359 3494 Leid.
387 3440 443 3495 Alii
470 3438 621 3493 Gebhardi.
651 3443 763 3514 lteeepit
796 3446 831 3494 D.
863 3443 906 3508 (P.
936 3458 1043 3512 quoque
1063 3454 1091 3493 et
1111 3440 1160 3492 Ed.
1182 3457 1234 3495 tet.
1253 3443 1343 3496 Bouh.
1364 3447 1471 3495 omittit

148 3513 201 3586 tn.)
229 3519 380 3568 verissime
400 3518 468 3568 haee
487 3515 572 3568 ldetio
592 3530 649 3579 est,
667 3521 781 3588 optimis
801 3521 944 3568 anctoritt.
963 3521 1080 3568 munita.
1100 3523 1200 3566 nostra
1219 3516 1285 3568 urbs
1298 3515 1420 3587 dicitur,
1438 3532 1470 3570 ut

148 3588 348 3657 Karthagine,
380 3590 532 3654 Narbone,
562 3588 688 3643 Atltertis.
719 3589 877 3643 deiicienda
906 3591 934 3643 h.
960 3591 980 3643 l.
1000 3606 1042 3644 est
1062 3596 1232 3663 praepositio
1252 3597 1336 3645 etiarn
1355 3607 1469 3666 propter

149 3680 267 3735 sequens
285 3669 316 3715 tn
331 3666 452 3737 publico.
481 3666 689 3719 correctionem
708 3664 894 3719 adhibendam
914 3684 998 3735 quum
1020 3681 1164 3718 censerent
1184 3668 1382 3734 Grammatiei‚
1401 3672 1470 3721 scri·
1564 3674 1567 3683 ¹
1608 3688 1611 3695 ¹

95 3780 99 3789 .
149 3755 276 3813 pserunt:
297 3768 334 3781 -
352 3750 452 3792 nostra
470 3746 500 3790 t'n
517 3739 584 3792 rerba
603 3736 809 3797 Asssncvttt..
825 3740 895 3795 Lall.
917 3751 942 3798 1.
963 3765 1000 3781 -
1018 3741 1124 3795 Falsam
1144 3750 1228 3813 110οω
1249 3748 1277 3795 1ιι
1299 3745 1351 3795 hoc
1364 3743 1469 3821 ἔμφα-

150 3834 201 3872 σιν
220 3818 308 3867 inette
327 3815 430 3869 uideret
451 3814 784 3881 acutissimus'Wolfins,
817 3832 867 3868 suo
887 3815 1021 3868 arbitratu
1042 3815 1136 3871 dedit:
1156 3847 1195 3859 -
1218 3822 1248 3868 t'rt
1274 3826 1373 3869 nostra
1392 3816 1477 3871 urbe.i

150 3893 246 3959 sicque
268 3888 330 3944 Sch.
351 3895 378 3946 2.
398 3891 529 3943 Ceterum
549 3904 657 3962 praeter
676 3891 707 3942 ll.
727 3890 779 3957 0.,
799 3893 966 3951 Ceterit—
985 3910 1082 3942 earum
1100 3897 1221 3942 omnium
1240 3909 1342 3944 rernm.
1363 3889 1400 3965 (t)
1420 3895 1468 3946 Sic
1512 3884 1518 3903 “

147 3969 291 4017 verissime
310 3964 382 4021 011.
404 3965 453 4031 t.‚
473 3979 504 4018 nt
523 3965 630 4018 volebat
650 3965 715 4019 Ern.
736 3966 836 4030 Vides,
857 3982 887 4020 ut
907 3981 1002 4038 saepe,
1022 3965 1065 4019 lit.
1085 3984 1113 4015 m
1131 3965 1240 4018 finalem
1259 3983 1432 4040 suppressam
1452 3983 1469 4021 a
1520 3967 1526 3978 ’

148 4038 248 4091 scribis
267 4038 396 4093 librariis.
415 4069 454 4082 -
462 4045 573 4112 privati
592 4041 702 4101 Crescit
722 4041 795 4112 quod
814 4040 973 4113 signifieat,
993 4040 1109 4106 „nullos
1124 4046 1297 4113 magistratus
1311 4062 1395 4115 quum
1410 4060 1469 4096 rua-

145 4118 220 4166 xims
240 4131 378 4186 gerentes.
391 4115 406 4137 ''
436 4133 520 4186 quum
541 4116 569 4169 b.
588 4116 608 4169 1.
629 4114 662 4168 de
682 4114 761 4169 rebus
783 4122 930 4188 priuatim,
962 4133 1019 4169 non
1038 4115 1148 4189 publice
1167 4123 1299 4191 possessis
1320 4117 1467 4173 manifesto

144 4204 237 4241 armo
256 4194 302 4242 sit.
348 4186 386 4261 (⁵)
407 4191 456 4257 δίς
481 4189 540 4263 (it.)
559 4188 645 4255 cdd,
677 4206 707 4244 ut
726 4189 857 4257 uidetur,
892 4191 987 4262 pleriq.
1011 4196 1039 4247 1).
1060 4190 1150 4246 Gebh.
1179 4192 1259 4263 Seqq.
1279 4223 1314 4235 -
1333 4200 1466 4246 venerint
1515 4218 1518 4235 ι

143 4262 353 4318 sBsEcvmt.
403 4263 441 4337 (θ)
460 4268 508 4320 Sic
527 4269 558 4319 R.
581 4262 650 4319 cdd.
667 4265 767 4337 pleriq.
787 4265 993 4321 Pussssscvtt.
1014 4265 1064 4320 cfr.
1086 4266 1181 4320 Garat.
1202 4268 1235 4319 ad
1256 4270 1418 4321 Coelianum
1438 4289 1466 4343 p.

141 4339 225 4403 4330,
259 4354 288 4392 et
319 4337 449 4395 Addeuda
473 4356 535 4392 mea
554 4338 589 4395 ad
609 4340 675 4395 Vol.
695 4347 723 4397 2.
742 4342 774 4395 Ρ.
794 4348 820 4394 2.
841 4359 870 4414 p.
889 4344 954 4402 659.
975 4341 1026 4416 (-
1039 4341 1098 4393 dies
1117 4360 1159 4393 me
1179 4341 1292 4414 deficiet
1311 4343 1403 4406 Oin,
1435 4360 1466 4398 ut

139 4411 258 4466 ridetur.
291 4414 321 4466 L.
349 4414 423 4467 Olit.
452 4415 532 4478 Lall)
557 4431 595 4469 ee
619 4415 679 4467 dies
702 4414 818 4487 deficiat
853 4417 943 4470 Vatis.
963 4421 1033 4472 011.
1054 4434 1117 4470 eum
1138 4423 1241 4490 paucis.
1263 4418 1297 4469 0.
1320 4427 1347 4475 1.
1366 4420 1418 4475 W.
1438 4424 1466 4475 2.

138 4485 178 4553 (7)
197 4516 239 4529 -
253 4488 367 4539 videtur
387 4506 437 4561 pro
456 4498 552 4542 uester
571 4488 648 4543 Leid.
668 4490 739 4547 Oix.
759 4506 818 4544 non
838 4490 959 4558 improb.
978 4492 1066 4546 Bouh.
1096 4490 1148 4567 (-
1166 4501 1261 4543 noster
1281 4510 1336 4545 om.
1357 4492 1469 4546 sideha-

138 4575 185 4616 tnr
213 4564 296 4631 Ero.)
335 4562 372 4638 (⁸)
398 4581 462 4617 cunt
490 4563 558 4619 Cdd.
590 4566 621 4620 P.
643 4564 733 4620 Gebh.
757 4566 809 4620 01).
832 4576 857 4623 1.
877 4568 929 4625 W·
951 4573 978 4621 2.
999 4558 1035 4609 Α
1053 4584 1083 4616 se
1101 4567 1308 4620 ansucvttt..
1331 4564 1469 4641 1111(-

132 4655 187 4708 per
215 4655 253 4699 ss
274 4656 334 4689 esre
361 4639 413 4692 Da.
477 4638 514 4706 (⁹)
534 4656 572 4693 eo
590 4657 645 4692 om.
666 4641 705 4692 tit
725 4638 774 4694 Cd.
802 4643 919 4694 Victorii
950 4641 1023 4694 Ver.
1043 4641 1133 4695 Lectt.
1155 4646 1205 4706 19,
1226 4646 1272 4695 22.
1295 4643 1365 4698 Oix.
1387 4642 1466 4715 prob.

138 4714 201 4768 Urs.
221 4713 254 4765 L.
275 4718 304 4766 tn
320 4730 358 4767 m.
373 4716 455 4773 1581.
469 4713 568 4770 delevit
583 4714 672 4770 Gebh.
686 4716 738 4769 Da.
752 4715 820 4772 Lall.
834 4722 860 4770 2.
874 4745 912 4758 —
923 4716 976 4773 W.
991 4717 1004 4788 [
1018 4716 1040 4788 ].
1055 4721 1165 4780 Ceteri,
1185 4720 1284 4784 (etiam
1299 4716 1342 4784 b.)
1356 4716 1467 4789 habent.

135 4786 178 4840 De
199 4789 230 4841 11.
251 4806 285 4841 es
304 4804 367 4840 mea
387 4788 480 4845 collat.
500 4807 559 4843 non
577 4806 698 4845 constat.
734 4791 784 4858 (¹⁰)
804 4821 839 4835 -
857 4789 937 4860 hiqtte
959 4794 989 4844 ii.
1009 4792 1091 4845 stit).
1131 4792 1185 4859 (¹¹)
1207 4810 1311 4844 -eos
1330 4810 1389 4844 esse
1408 4793 1468 4844 ali.

133 4860 202 4933 quid
215 4870 319 4932 putem
338 4863 405 4918 Ern.
428 4872 453 4922 1.
473 4863 526 4924 W·
547 4872 573 4921 2.
593 4871 652 4919 sine
672 4871 846 4921 auctoritate.
886 4867 936 4934 (tt)
954 4894 992 4908 -
1011 4864 1065 4919 del.
1085 4871 1129 4918 ait
1148 4867 1206 4922 Da.
1226 4865 1304 4939 prob.
1324 4870 1390 4925 Ero.
