3384 5359
135 1982 139 1997 ·
165 1987 167 1990 -
219 1965 246 2002 et
267 1964 352 2019 quum
376 1947 504 2000 doctrina

221 292 286 403 tsi
404 285 407 298 '
627 298 878 382 ,ntnrtnn
901 300 1120 368 stennon.

221 439 277 493 lton
297 454 354 508 est,
373 435 581 565 lPeripatetici,
609 443 657 512 qui
669 425 746 494 'cum
766 442 870 496 Stoicis
891 439 926 495 de
949 440 1008 527 bac,
1026 461 1056 497 re
1081 440 1286 517 disceptabant.
1329 442 1372 496 De
1394 441 1439 497 bis
1459 441 1556 518 paullo

222 530 287 569 ⁸⁰st
296 529 374 645 Colle.
385 528 693 661 {cippi-COHOWMW
705 583 907 666 (gladiatores),
920 575 1151 662 congrediunlur,
1163 591 1327 663 qnerrtrtirtr,
1339 591 1448 663 aliquid
1460 608 1556 663 postn-

220 663 305 730 lant,'
318 674 349 716 tri
367 668 462 733 magis
477 665 603 735 placati,
625 684 709 737 quom
727 670 797 719 isaii
816 685 876 718 esse
895 668 1059 737 videantur]
1086 669 1149 722 Non
1169 668 1264 734 rideo,
1287 665 1427 737 quomodo
1446 668 1556 738 aliquid

217 741 364 813 posttslnre
378 745 414 792 sit
430 746 538 812 signum
552 746 638 794 animi
653 741 825 813 placatioris.
865 745 908 797 Tu
922 762 985 796 vero
1000 743 1115 797 fidenter
1128 761 1248 817 repone,
1265 751 1417 813 pretendas·
1435 742 1552 814 nliprss'd,

217 815 510 870 EXPOSTULANT.
548 816 627 870 Nihil
644 823 735 891 aptius
756 822 889 872 seriusve.
927 820 998 873 Nem
1020 825 1067 890 qui
1087 819 1213 878 acerbius
1233 820 1442 871 stomachamur
1462 837 1488 872 et
1509 825 1553 871 ira

220 890 438 956 excandescunt,
474 889 659 965 dedignantur
695 893 878 965 expostulare.
925 894 972 947 Sic
999 902 1102 967 queror
1129 903 1159 946 et
1188 894 1346 965 escpostnlo¹
1368 911 1452 965 quum
1483 894 1552 948 slibi

222 966 295 1041 apud
315 966 449 1021 Nostrum
468 970 635 1039 iunguntur,
659 982 717 1022 tum
740 972 769 1021 ln
791 969 833 1021 his
854 969 968 1024 Tuscul.
988 972 1021 1036 V,
1037 977 1067 1029 5.
1107 971 1238 1024 Virtutes
1256 978 1352 1021 nutem
1370 971 1430 1021 noli
1445 975 1549 1036 vereri,

219 1061 254 1097 ns
277 1043 452 1115 expostulent
475 1058 502 1097 et
526 1058 676 1114 querantur
700 1062 728 1095 ss
751 1062 770 1095 a
793 1043 876 1096 beata
896 1050 959 1097 vlia
981 1064 1039 1098 esse
1061 1047 1187 1097 relictos.
1288 1093 1307 1123 ,

297 1116 388 1173 lbld.
415 1117 549 1170 Occidam
571 1119 648 1170 illtnn
671 1118 794 1191 equidem
816 1125 991 1186 revincam,
1012 1126 1038 1171 si
1056 1121 1087 1172 id
1103 1123 1255 1192 qrsoeriit's,
1279 1124 1379 1190 inquii,

449 1194 482 1249 V
479 1211 557 1245 errem
578 1192 650 1246 iliud
668 1194 751 1247 credo
762 1191 855 1264 fore,
881 1202 911 1246 t'rs
933 1213 966 1248 os
983 1201 1066 1270 prius
1085 1201 1220 1267 accipiam
1242 1199 1310 1266 ipse,

447 1269 538 1338 Quom
557 1268 685 1340 gladium
704 1274 735 1321 in
752 1269 914 1335 stomacho,
941 1289 1004 1325 aura
1027 1291 1062 1324 oc
1077 1272 1248 1346 pulmonibts'
1271 1276 1351 1324 sisto.

446 1342 504 1395 Odi
521 1342 674 1413 homiuem,
696 1350 788 1397 iratres
806 1364 904 1419 pugno
926 1352 993 1417 cet]

220 1413 415 1492 Diglsdinntus
434 1419 482 1472 bic
503 1425 665 1493 interpretes
685 1421 718 1476 de
741 1422 862 1475 lectione
886 1422 932 1474 illa
955 1441 1040 1489 sara,
1072 1439 1130 1475 non
1153 1425 1244 1474 minus
1266 1435 1348 1490 quant
1374 1423 1427 1492 ipsi
1447 1416 1548 1490 gladia·

221 1513 294 1549 tores
315 1497 483 1550 Aeserninus
504 1511 531 1548 et
554 1496 746 1558 Pacideianus.
786 1497 874 1562 Sane,
897 1517 982 1568 quum
1004 1506 1031 1553 in
1053 1516 1122 1549 saro
1144 1498 1240 1548 vulnus
1261 1500 1377 1547 tninitue
1401 1495 1482 1547 letale
1501 1499 1547 1558 tit,

220 1577 319 1628 merito
349 1571 382 1621 ab
407 1568 536 1623 omnibus
560 1572 615 1624 hoc
640 1571 810 1645 repudiatur.
855 1573 1001 1628 Turnebus
1025 1573 1169 1627 substituit
1181 1569 1264 1644 sabra
1287 1571 1329 1623 sel
1351 1571 1433 1631 lrtrar
1461 1588 1545 1641 neque
1577 1601 1581 1614 ·

219 1647 360 1720 plausores
382 1650 497 1699 invenit.
535 1646 632 1700 Douta
655 1647 815 1720 pater'ltiro
836 1648 998 1714 substituit,
1024 1665 1100 1702 utet
1121 1653 1179 1720 ipse
1201 1654 1229 1698 in
1249 1646 1385 1699 Plautinis
1404 1661 1546 1708 memorat,

219 1740 247 1777 et
269 1721 340 1774 filius
361 1725 390 1773 in
414 1720 580 1776 Lucilianis:
607 1723 679 1794 quod
704 1724 835 1776 adsciscit
856 1741 938 1795 atque
959 1724 1027 1778 odeo
1051 1742 1101 1798 pro
1120 1741 1170 1776 suo
1190 1721 1313 1773 venditat
1333 1720 1445 1793 quidam
1463 1720 1546 1772 susle·

182 1859 187 1866 .
220 1796 343 1850 dicentia
365 1813 413 1851 sua
433 1811 532 1863 notus,
554 1802 642 1851 enisi
665 1815 713 1852 sua
735 1800 788 1853 sibi
809 1804 935 1853 consitis
956 1819 1079 1874 regerere
1099 1802 1241 1871 quispiam*
1254 1798 1351 1860 uellet,
1375 1795 1469 1867 fiola
1488 1801 1544 1848 eius

219 1878 366 1925 teterrima
386 1888 418 1923 ac
429 1868 593 1942 foeditates
611 1891 638 1927 et
659 1875 707 1927 hic
727 1893 755 1928 et
775 1875 842 1928 alibi
863 1893 975 1948 arguere
997 1891 1103 1949 posset:
1126 1890 1194 1946 quac
1216 1872 1315 1944 probru
1336 1878 1396 1924 rito
1415 1877 1546 1936 maximo,

513 1965 602 2032 ,tunt
624 1955 724 2003 virtute
750 1967 777 2005 et
800 1950 935 2023 dignitate
956 1953 1146 2005 illustrissimo
1166 1948 1367 2000 nzecntntr
1392 1946 1545 2000 SPANHE·

218 2023 293 2079 ΜΙΟ
314 2021 436 2076 obiicere
458 2040 515 2077 non
535 2024 646 2079 erubuit
666 2026 847 2080 homunculus
868 2026 1023 2081 eruditione
1045 2024 1195 2084 mediocri,
1219 2026 1329 2094 ingenio
1351 2022 1436 2075 nullo.
1474 2023 1542 2074 Nam

217 2096 292 2171 quod
313 2116 356 2151 nte
380 2097 476 2150 eadem
500 2100 639 2153 calumnia
663 2119 823 2174 aspergere,
849 2103 877 2156 ct
893 2121 957 2155 *uns
979 2120 1044 2156 cum
1071 2102 1161 2154 Hero'c'
1186 2099 1234 2151 illo
1258 2103 1427 2170 coniungere
1450 2097 1543 2159 voluit,

38 2209 40 2238 ;
139 2217 160 2254 „⁸
217 2187 346 2246 magnam
370 2191 436 2227 enne
455 2189 488 2227 eo
507 2182 627 2248 gratiam
646 2189 662 2228 a
679 2195 721 2230 rue
746 2181 843 2242 inivit,
867 2177 940 2249 quod
961 2175 1138 2231 maledictum
1157 2177 1302 2227 vehemens
1323 2174 1473 2226 arbitratus
1494 2189 1542 2224 est.

219 2249 278 2321 Ego
302 2266 364 2302 reso
385 2268 472 2321 neque
496 2251 551 2304 ltoc
570 2269 632 2306 eutn
655 2269 669 2306 a
691 2253 794 2307 Douzis
814 2259 979 2327 surripuisse
1000 2253 1111 2316 dixero,
1134 2268 1221 2320 neque
1243 2248 1309 2301 illud
1328 2249 1442 2301 Tuscul.
1460 2249 1498 2310 ll,
1517 2252 1540 2302 7.

216 2329 298 2376 virui
315 2323 443 2378 vulneris
466 2341 481 2377 a
505 2325 649 2382 Gerhttrdo
669 2329 784 2383 Vosslo:
814 2346 910 2382 omncs
933 2336 1008 2383 enirn
1031 2332 1059 2380 ltt
1084 2326 1171 2378 multa
1196 2329 1364 2389 incidimus,
1389 2329 1540 2377 nescientes

217 2397 264 2453 illa
288 2404 344 2453 iam
374 2401 409 2454 sb
432 2399 494 2454 aliis
517 2420 576 2456 esse
603 2419 747 2477 occupato.
793 2409 844 2470 At,
873 2403 947 2476 quod
972 2420 1036 2457 sero
1060 2406 1171 2455 demum
1197 2401 1347 2472 opprobrio
1370 2417 1430 2451 esse
1452 2397 1540 2456 debet,

216 2491 362 2546 utrumque
384 2479 436 2530 hoc
459 2477 623 2531 mendosum
646 2497 706 2533 este
725 2479 790 2533 dico
809 2496 890 2552 atque
911 2481 959 2533 illo
979 2479 1101 2552 dignum.
1140 2478 1296 2549 [invehitur
1317 2474 1374 2529 lt.l
1404 2474 1540 2528 Bentleins

218 2554 247 2603 ln
273 2550 405 2604 Iacobum
429 2551 625 2623 Gronovium.]
663 2554 716 2610 Sed
738 2554 835 2622 redeo,
866 2553 938 2609 unde
961 2557 1095 2607 abieram.
1142 2552 1275 2624 losepbus
1296 2550 1436 2623 Scaliger,
1464 2553 1539 2603 cuius

217 2630 373 2679 *esslfflllle
393 2627 625 2686 sutn'sdscnbtt
644 2632 741 2684 Dones
761 2630 849 2699 filius,
871 2636 913 2684 tic
933 2631 1026 2684 locum
1047 2629 1171 2700 refingit:

444 2703 551 2778 Verrem
571 2704 642 2756 illud
659 2706 742 2759 oredo
753 2704 842 2778 fore,
861 2711 891 2758 in
909 2713 945 2758 os
955 2710 1037 2778 prins
1055 2710 1193 2776 occipiam
1213 2707 1282 2773 ipse,
1324 2769 1329 2780 ν

443 2777 533 2848 Quane
553 2780 679 2849 gladium
698 2781 871 2848 stomacho„
884 2786 970 2835 sicatu
985 2780 1156 2853 ptdmonibu'
1175 2784 1255 2830 sisio.

215 2849 298 2919 Quod
323 2855 381 2925 ipse
406 2855 446 2907 sic
468 2854 606 2928 explicat,
628 2856 727 2923 Prirss,
748 2863 856 2931 inquit,
878 2862 1013 2931 occipiunt
1032 2861 1132 2906 sistere
1149 2853 1277 2922 gladium
1295 2854 1325 2901 in
1344 2866 1377 2902 os
1395 2849 1538 2912 Sammiis,

214 2944 297 2997 quant
317 2931 409 2997 ipsum
431 2935 502 2983 sisio
525 2935 555 2982 irs
573 2933 742 3004 pstltnonem.
781 2936 841 2987 Hoc
854 2938 937 2986 ⁴enim
957 2932 1037 3007 plane
1061 2930 1267 3003 gladiatorium,
1287 2931 1417 2999 prius‘os
1440 2941 1539 2997 petere,

215 3018 297 3075 quant
314 3019 428 3079 corpus.
466 3004 602 3080 Equidem
622 3008 724 3063 nollem
743 3010 797 3062 hoc
814 3025 829 3061 a
846 3014 905 3061 viro
925 3025 1025 3081 msgno
1044 3003 1216 3080 proiectum
1240 3002 1319 3076 plane
1339 3004 1414 3054 enim
1434 3019 1540 3073 perrer-

215 3080 250 3130 tit
270 3085 442 3133 sententiam
461 3079 533 3150 loci,
562 3100 631 3155 quae
654 3100 696 3138 est
720 3086 898 3138 huiusmodi:
927 3085 1045 3137 Veretnr
1067 3083 1114 3135 hic
1137 3078 1330 3141 Pacideianus,
1358 3093 1393 3129 ne
1417 3081 1476 3148 ipse
1495 3073 1539 3127 sd-

213 3158 327 3206 sersarii
351 3155 474 3228 gladium
496 3163 524 3211 in
545 3174 575 3213 os
592 3175 672 3213 suum
698 3163 774 3233 prius
797 3164 935 3233 accipiet,
970 3174 1052 3229 qnam
1083 3154 1218 3230 gladium>
1235 3171 1316 3208 suurn
1342 3155 1371 3205 in
1396 3150 1538 3205 stomacbo

214 3242 247 3280 sc
268 3228 446 3298 pulmonibus
464 3232 611 3314 adverserii
628 3239 718 3289 sistat.
755 3239 811 3291 Cur
828 3238 901 3289 hoci
925 3239 991 3306 ostia
1010 3232 1071 3300 odi,
1095 3235 1203 3303 inquit,
1224 3228 1378 3292 imminens,
1402 3235 1431 3278 ei
1449 3231 1538 3277 iroirss

209 3321 318 3374 ΝΜ·
358 3306 463 3360 Notum
482 3323 523 3364 en
542 3325 651 3373 autem,
673 3316 720 3382 qui
737 3317 831 3363 animo
849 3314 1032 3363 concitatiore
1051 3322 1191 3381 pugnant,
1208 3323 1266 3357 nott
1285 3319 1342 3356 tant
1361 3301 1415 3355 sibi
1435 3318 1538 3367 carere,

213 3393 295 3450 quarn
324 3380 364 3433 vel
392 3383 515 3455 periculo
541 3402 591 3440 suo
617 3389 704 3440 hostis
731 3392 848 3441 exitium
876 3402 1023 3457 quaereret
1054 3400 1135 3455 atque
1158 3380 1228 3434 adeo
1251 3383 1357 3432 mutuis
1379 3377 1537 3451 plerumque

212 3453 371 3509 vulneribus
399 3458 561 3515 concidere:
598 3468 638 3516 ita
660 3462 800 3517 Eteoclent
830 3477 858 3515 et
883 3461 1059 3535 Polynicen,
1090 3463 1130 3511 ita
1153 3456 1183 3509 L.
1203 3457 1320 3510 Brutum
1346 3468 1374 3506 et
1405 3459 1537 3506 Atuntem

212 3527 416 3600 Tiiqlllnlum
447 3552 612 3609 utrumque,
641 3554 682 3596 ut¹
699 3555 764 3591 mox
786 3543 825 3590 ait
846 3554 955 3603 noster,
986 3540 1111 3590 cominus
1136 3537 1195 3584 ictu
1223 3530 1353 3583 cecidisse
1382 3532 1534 3582 contrario.

211 3604 273 3658 Hoc
295 3622 360 3678 ergo
384 3614 483 3662 metuit
506 3605 714 3676 Pacideianus(
726 3629 753 3668 et
774 3610 882 3684 liquido
901 3611 965 3666 inde
985 3625 1099 3684 apparet
1119 3607 1288 3679 scaligerum
1307 3621 1371 3658 cnm
1390 3619 1441 3657 sno
1461 3608 1535 3654 ocri-

208 3684 273 3753 piot
294 3696 354 3735 tota
379 3687 423 3734 via
446 3684 595 3742 aberrasse.
635 3690 729 3760 Pergit
752 3707 816 3742 tero
837 3705 888 3742 nos
910 3687 1009 3740 docere
1030 3703 1091 3738 sem
1114 3699 1195 3736 antea
1218 3679 1388 3744 inauditam,
1414 3677 1535 3731 Clodia-

211 3761 305 3821 sores,
329 3763 359 3808 ei
376 3761 436 3810 sico
455 3768 484 3812 et
502 3763 601 3829 gladio
619 3765 704 3815 simul
717 3781 878 3836 pugnasse:
900 3767 946 3835 qui
967 3758 1067 3814 lundns
1087 3774 1129 3812 est
1150 3758 1263 3811 alterius
1282 3759 1470 3818 coniecturae,
1489 3756 1534 3805 ubi

137 3891 140 3902 .
212 3847 263 3905 Pro
284 3849 353 3884 sura
373 3833 517 3891 substituit
536 3844 632 3890 sicam.
663 3839 751 3893 ¹Unde
769 3849 834 3893 vero
853 3839 909 3893 boc
928 3852 1104 3910 compertum
1123 3831 1226 3887 habeti
1249 3831 1295 3893 Εἰ
1310 3834 1449 3902 corruptis
1472 3828 1537 3882 Sue·

211 3908 284 3958 lonii
316 3908 407 3964 serbis
439 3911 512 3983 apud
536 3912 675 3967 lsidorunt
699 3915 814 3982 rivus,
838 3916 884 3981 6.,
913 3928 982 3985 quse
1009 3927 1082 3965 recte
1107 3906 1253 3962 emendata
1281 3906 1366 3960 habes
1392 3908 1425 3958 in
1450 3905 1536 3976 Lipsii

210 3979 409 4038 Saturnalibus
429 3986 492 4041 Lib.
515 3990 560 4056 ll',
582 4004 644 4064 cap.
668 3992 697 4047 9.
740 3990 815 4064 Ergo
848 3988 980 4063 scaligeri
1009 3984 1229 4040 emendationem
1257 3986 1370 4036 missam
1394 3980 1534 4034 iaciamus.

211 4054 271 4110 ‘l‘ua
292 4074 392 4127 restet,
419 4065 564 4135 ingeniose
584 4081 616 4119 ea
636 4061 777 4139 prolectet
803 4082 868 4119 nam
885 4085 918 4118 er
933 4063 1064 4118 codicum
1085 4058 1197 4132 aliquod
1216 4058 1336 4121 lectione
1355 4056 1442 4108 Furio
1460 4071 1536 4127 repo-

212 4135 257 4186 ois
280 4132 374 4203 Furii,
396 4151 427 4191 nt
447 4142 484 4192 sit
507 4140 743 4212 nomcnlsltsrius
762 4140 923 4214 gladiatoris
944 4156 1009 4194 cum
1029 4135 1195 4192 Pacideiano
1215 4131 1270 4187 boc
1289 4135 1446 4204 compositi.
1484 4126 1535 4185 Sed

212 4205 282 4259 1³¹⁴?i
300 4213 400 4281 opinor
418 4216 546 4270 noluistis
573 4221 626 4270 scis
648 4221 723 4269 enim
740 4235 842 4270 nomen
858 4216 961 4288 gentile
980 4214 1082 4267 Furius
1098 4227 1125 4265 et
1142 4211 1229 4263 Furio
1248 4207 1400 4280 producere
1417 4209 1535 4278 primam

208 4280 346 4354 ‘7¹¹⁸me
367 4285 441 4361 opud
460 4290 621 4356 Catullum,
639 4293 800 4356 Horatium:
819 4291 967 4355 Ovidium,
987 4287 1164 4353 Martialem,
1185 4284 1264 4337 alios.
1303 4280 1375 4337 lllud
1395 4284 1535 4335 tamenin

211 4371 257 4410 tua
277 4359 406 4415 lectione«
418 4365 627 4420 incommodum
647 4383 688 4421 est
706 4385 733 4421 et
756 4384 854 4443 parunt
875 4372 931 4422 reri
952 4363 1054 4431 simile,
1078 4360 1151 4436 quod
1172 4363 1284 4413 nomine
1304 4376 1355 4411 suo
1376 4372 1432 4410 tarn
1451 4354 1535 4410 bono-

209 4431 286 4488 rtfiee
312 4433 359 4488 hic
440 4439 505 4494 elles
534 4439 737 4508 adversarium,
770 4460 852 4516 quem
876 4459 932 4495 tam
958 4439 1028 4495 msle
1058 4439 1153 4492 oderat
1182 4452 1209 4489 et
1237 4448 1451 4507 contempserat.
1497 4428 1534 4496 ll,

210 4511 326 4582 ⁰Pl¹¹⁰ir
350 4452 513 4586 dedlgpmm,
536 4533 623 4574 esset:
649 4534 677 4571 et
701 4534 843 4591 praeterea
869 4518 898 4571 id
921 4522 946 4571 ei
968 4533 1071 4571 nomen
1096 4512 1182 4567 luisse
1207 4528 1264 4564 non
1287 4525 1329 4562 est
1353 4511 1410 4561 veti
1435 4505 1533 4560 simile.

211 4584 353 4653 Ceterum,
377 4592 400 4641 si
422 4607 509 4646 meam
531 4591 644 4647 tandem
667 4599 857 4648 coniecturam
880 4594 927 4647 bic
951 4592 1089 4666 postulas,
1111 4605 1142 4643 ea
1167 4592 1209 4640 sic
1229 4585 1328 4649 babct3
1354 4589 1378 4638 si
1398 4601 1457 4637 non
1475 4595 1534 4636 sera

210 4669 238 4711 st
257 4667 351 4733 ceria,
375 4664 527 4739 probabilis
549 4666 649 4721 saltem
672 4687 699 4722 et
719 4669 754 4722 ad
773 4669 884 4723 codices
905 4683 988 4740 qustn
1010 4670 1135 4740 proxime
1158 4660 1308 4717 accedens:

433 4771 591 4792 -·-—-
612 4743 646 4796 Irt
665 4763 698 4797 os
714 4749 795 4816 prius
815 4750 953 4817 accipiam
970 4749 1038 4814 ipse,

428 4816 521 4886 Quom
538 4817 716 4887 gladiumin
734 4819 880 4873 stomacho
898 4816 1043 4886 FURIAE
1063 4833 1098 4867 ac
1113 4810 1285 4887 pnlmonidu’
1305 4815 1386 4863 sisio.

211 4880 292 4937 Μ·
317 4891 419 4960 opinor
443 4891 557 4948 fustan
581 4899 709 4955 nominat
733 4914 862 4968 spurcum
888 4896 967 4949 illuns
992 4891 1131 4950 hominen
1152 4905 1180 4944 st
1204 4889 1400 4954 inhonestum,
1428 4885 1534 4941 Aeser.
