3384 5359
248 274 308 337 iss
505 270 891 392 ruscunaunuqm
911 241 1305 339 ntsrnmmouum
1360 218 1363 222 ’

246 413 407 498 Ephesios
429 433 497 477 esse
519 414 622 476 morte
643 414 840 491 multandos,
863 416 969 500 quod,
993 433 1089 498 quum
1111 413 1239 478 civitate
1259 415 1457 499 expellerent
1475 420 1578 485 Her.

248 511 434 585 modorum,
457 508 506 573 ita
522 507 622 574 locuti
643 508 745 572 sint¹s
779 502 892 578 Neino
914 509 955 570 de
975 500 1073 573 nobis
1093 530 1184 572 untia
1204 512 1367 573 excellat:
1388 510 1444 574 sin
1463 514 1589 597 qnisf

248 602 439 677 exstiterit,
463 603 534 666 alio
555 602 591 664 in
612 604 741 666 lornei
763 603 858 685 apud
878 602 965 665 alios
983 602 1041 665 sit.
1059 604 1106 644 ⁴-
1128 603 1180 665 An
1202 605 1266 667 hoe
1287 626 1349 667 non
1364 605 1409 668 it'a
1427 605 1463 669 ht
1482 609 1579 670 omni

247 697 280 760 in
302 695 449 779 populo?
478 694 581 760 nonne
604 717 728 760 omnem
750 695 1002 778 exsuperantiam
1025 695 1152 759 virtutis
1174 697 1332 761 oderunt?
1355 698 1466 778 Quid?
1491 703 1577 763 Ari·

246 789 342 855 stides
372 791 467 869 (malo
501 790 583 853 enim
613 792 810 855 Graecorum
838 810 930 875 quam
959 802 1069 853 nostra
1097 790 1261 871 prolerre)
1290 811 1393 855 nonne
1424 796 1469 856 oh
1500 816 1576 857 eam

248 904 371 946 cattsam
392 884 543 964 expulsus
561 895 609 973 est
624 882 744 965 patria,
765 885 852 967 quod
870 894 1000 962 praeter
1023 883 1148 945 modum
1167 882 1266 944 iustus
1286 884 1391 947 esset?
1426 886 1572 965 Quantis

246 978 347 1064 igitur
378 977 530 1041 molestiis
563 989 693 1052 vacant,
735 976 789 1061 qui
825 977 904 1039 nihil
939 977 1067 1039 omnino
1103 999 1173 1038 num
1201 978 1322 1058 populo
1345 982 1572 1043 contrahunt?

246 1072 388 1157 quidest
410 1070 491 1133 enim
515 1069 634 1133 dulcius
651 1069 717 1135 otio
742 1070 893 1135 literato?
914 1070 972 1133 iis³
998 1070 1070 1132 dieo
1093 1070 1209 1147 literis,
1238 1072 1350 1154 quihus
1375 1073 1570 1136 infinitatem

247 1187 353 1228 rerum
365 1176 460 1250 atque
472 1174 622 1241 naturae,
647 1175 677 1229 et
691 1165 722 1228 iu
736 1167 800 1231 hoc
811 1167 882 1249 ipso
901 1167 1017 1230 mundo
1033 1164 1170 1243 caelum,
1188 1162 1305 1245 terras‘,
1324 1166 1421 1231 maria
1436 1180 1569 1254 eogno-

246 1280 375 1323 scimus.
910 1306 914 1315 .

335 1354 524 1420 XXXVII.
549 1356 622 1419 106.
639 1355 834 1437 Contempto
849 1353 949 1439 igitur
963 1356 1106 1432 honore,
1127 1366 1307 1440 contempta
1322 1354 1411 1416 etiam
1426 1354 1568 1436 pecunia

249 1445 325 1529 quid
347 1447 554 1531 relinquitur,
578 1453 664 1532 quod
686 1447 952 1512 extimescendum
976 1450 1040 1512 sit?
1074 1451 1249 1526 Exsilium,
1274 1451 1388 1521 eredo,
1420 1451 1512 1533 quod
1533 1450 1564 1511 in

248 1538 392 1604 maximis
415 1541 503 1604 malis
527 1545 664 1606 ducitur.
721 1543 759 1606 ld
784 1542 810 1604 si
831 1554 968 1624 propter
989 1544 1118 1607 alienam
1142 1556 1172 1606 et
1194 1545 1344 1606 offensam
1365 1543 1480 1625 populi
1502 1565 1564 1605 ro·

247 1633 399 1696 luntatem
417 1635 531 1698 malum
555 1647 622 1699 est:
645 1633 800 1718 quamsit
822 1658 859 1699 ea
881 1640 1127 1712 contemnenda,
1150 1639 1259 1719 paullo
1281 1648 1351 1698 ante
1367 1637 1484 1697 dietum
1500 1646 1560 1697 est.

249 1725 305 1790 Sin
328 1730 437 1791 aliesse
458 1728 581 1811 patria'·
602 1729 831 1811 miserumest,
856 1731 967 1811 plenae
987 1731 1173 1815 miserorum
1196 1729 1381 1813 provinciae
1403 1738 1497 1802 sunt;
1521 1750 1561 1790 ex

249 1820 361 1903 quibus
385 1822 551 1884 admodum
572 1822 665 1904 pauci
686 1821 717 1884 in
738 1822 871 1904 patriam
892 1836 1108 1887 revertuntur.
1131 1855 1172 1867 --
1208 1826 1253 1886 At
1274 1823 1444 1897 multantur
1467 1822 1559 1885 bonis

147 1992 156 2003 ,
248 1913 384 1976 exsules.
407 1949 448 1959 -
486 1916 558 1976 107.
591 1913 677 1995 Quid
704 1914 793 1977 tum?
829 1936 981 1997 parumne
1006 1917 1103 1980 multa
1124 1918 1162 1980 de
1184 1919 1347 1981 toleranda
1369 1927 1572 2005 paupertate,

246 2006 415 2069 dichntur?
436 2007 503 2070 lam
516 2029 595 2072 vero
609 2008 770 2084 exsilium,
793 2007 821 2070 si
834 2010 968 2072 rerum⁵·
982 2022 1144 2084 naturam,
1163 2014 1223 2071 non
1239 2007 1441 2094 ignominiam
1457 2008 1558 2071 nomi·

247 2101 296 2163 nis
318 2100 514 2184 quaerimus,
547 2113 695 2187 quantum
717 2106 839 2165 demum
862 2124 877 2164 a
901 2104 1076 2186 perpetua⁶
1097 2101 1351 2187 peregrinatione
1374 2104 1507 2166 differt?
1527 2103 1557 2165 in

248 2215 310 2277 qua
343 2205 460 2258 aetates
490 2218 562 2259 suas
591 2197 776 2281 philosophi
805 2197 991 2260 nobilissimi
1015 2206 1296 2277 consumpserunt,
1333 2197 1554 2270 Xenocrates,

247 2286 408 2364 Crantor,
433 2290 611 2368 Arcesilas,
635 2291 798 2370 Lacydes,
823 2287 1034 2365 Aristoteles,
1060 2290 1321 2369 Theophrastus,
1346 2291 1454 2367 Zeno,
1477 2289 1555 2353 Cle·

247 2383 375 2459 anthes,
407 2381 626 2467 Chrysippus,
658 2382 846 2465 Antipater,
883 2379 1082 2456 Carneades,
1107 2382 1294 2456 Panaetius,
1320 2380 1552 2456 Clitomachus,

183 2508 186 2515 ·
245 2474 361 2552 Philo,
395 2470 600 2554 Antiochus,¹
617 2475 830 2553 Posidonius,
859 2476 1102 2539 innumerabiles
1125 2476 1196 2537 alii:
1220 2475 1275 2558 qui
1296 2475 1392 2538 semel
1414 2476 1553 2558 egressi,
1636 2539 1642 2543 „

245 2589 401 2652 nunquam
424 2572 551 2632 domum
572 2557 805 2634 reuerterunt&
860 2571 904 2634 At
926 2571 1007 2632 enim
1029 2568 1096 2631 sine
1118 2568 1289 2652 ignominia
1312 2571 1328 2602 ‘¹
1351 2570 1369 2603 ‘³
1390 2570 1408 2604 ⁰
1431 2570 1552 2631 afficere

173 2736 175 2740 Α
245 2663 463 2744 sapientem?
485 2667 523 2728 de
545 2665 684 2747 sapiente
706 2665 785 2727 enim
809 2667 886 2727 haee
909 2664 1011 2728 omnis
1034 2662 1138 2725 oratio
1160 2664 1248 2737 est⁹,
1273 2662 1323 2723 cui
1344 2661 1411 2724 iure
1427 2661 1457 2722 id
1473 2661 1552 2723 acei-

246 2757 320 2818 dere
343 2776 407 2820 non
427 2757 540 2840 possit.
584 2760 665 2822 Nam
686 2757 755 2821 iure
771 2759 963 2822 exsulantem
978 2756 1137 2821 consolari
1152 2777 1215 2830 non
1231 2766 1374 2839 oportet.
1399 2756 1471 2817 108.
1488 2757 1552 2819 Po·

244 2860 364 2914 stremo
386 2853 425 2913 ad
446 2872 553 2914 omnes
576 2872 666 2913 casus
682 2851 827 2914 facillima
849 2851 932 2916 ratio
954 2862 1001 2913 est
1024 2871 1152 2925 eorum,
1176 2850 1239 2932 qui¹
1254 2852 1292 2910 ad
1307 2850 1499 2930 voluptatem
1517 2870 1550 2911 ea

247 2942 412 3019 referunt,
436 2964 516 3030 quae
539 2955 713 3030 sequuntur
734 2945 764 3007 in
789 2944 873 3020 vita3
896 2956 949 3021 ut,
974 2965 1161 3030 quocunque
1183 2944 1296 3006 haee¹⁰
1317 2943 1390 3006 loeo
1413 2943 1551 3025 *suppe-

317 3252 354 3329 (1)
374 3255 421 3310 stc
440 3257 472 3310 R.
494 3268 563 3310 teste
584 3257 651 3310 Dat.
672 3259 706 3311 D.
727 3264 753 3313 1.
772 3258 824 3315 W·
844 3263 871 3313 2.
890 3286 927 3299 -
946 3265 1012 3311 stant
1027 3258 1140 3323 Ceteri,
1161 3261 1243 3309 etiam
1261 3257 1317 3308 Vi..
1337 3254 1405 3310 Lall.
1425 3256 1463 3331 (²)
1481 3257 1545 3329 Cum

242 3326 312 3384 Cdds
344 3335 377 3385 V.
409 3331 498 3385 Geth.
530 3334 610 3404 Seqq.
645 3361 678 3374 -
710 3331 761 3382 seri
787 3337 813 3383 st‘
840 3336 902 3404 quis
927 3332 1129 3386 PAsssEctit.
1180 3332 1217 3398 (³)
1235 3361 1273 3373 -
1291 3330 1335 3381 his
1352 3333 1384 3390 R.
1404 3332 1544 3385 Patisiti).

170 3431 175 3441 ·
243 3403 281 3477 (⁴)
300 3407 347 3459 Sic
366 3406 397 3459 R.
419 3405 482 3460 Alit.
503 3405 592 3461 Gehh.
612 3407 648 3459 D.
669 3418 694 3464 1.
713 3407 765 3461 W.
786 3413 812 3462 2.
831 3437 870 3449 -
889 3426 907 3469 a
922 3412 1021 3479 patria
1041 3407 1261 3460 PaBSEcth.
1280 3404 1349 3458 Lati.
1399 3406 1437 3473 (⁵)
1456 3434 1489 3447 -
1507 3412 1546 3457 rss'

242 3477 276 3532 de
294 3478 385 3533 Bentl.
405 3478 434 3536 Ε.
456 3484 490 3535 D.
512 3481 575 3535 Set.
595 3488 621 3537 2.
642 3481 778 3554 itnptnlsb.
799 3484 906 3556 Wopk.
929 3503 953 3555 p.
975 3487 1020 3541 95.
1041 3485 1128 3534 Bouh.
1149 3500 1176 3535 et
1197 3482 1262 3534 Ern.
1310 3480 1347 3556 (⁶)
1365 3506 1402 3521 -·
1421 3490 1543 3550 putantum

241 3555 346 3607 damna
360 3564 497 3626 perpetua
516 3559 547 3610 it.
569 3555 662 3621 O3x.,
694 3555 765 3608 unde
784 3557 817 3608 D.
839 3575 926 3628 susp:
948 3586 983 3600 -
1002 3556 1265 3627 ptenarium-tandem
1286 3576 1303 3606 a
1318 3575 1348 3627 p.
1398 3556 1436 3629 (⁷)
1454 3560 1497 3609 ste
1515 3562 1546 3608 tt.

240 3630 277 3685 D,
296 3652 334 3688 =
351 3638 492 3681 revertere
512 3631 624 3695 Ceteri,
644 3647 741 3684 contra
761 3631 846 3684 Tullii
867 3650 956 3685 nsum.
996 3633 1033 3699 (³)
1053 3631 1140 3684 Locus
1161 3649 1284 3685 mancus.
1333 3631 1379 3683 Sic
1401 3633 1431 3684 it.
1451 3629 1540 3683 hilii

239 3710 464 3779 praestantiores.
484 3706 514 3759 Ρ.
533 3704 623 3758 Gebh.
643 3706 678 3759 D.
697 3708 764 3759 Ern.
786 3716 826 3766 1.,
846 3712 893 3778 qui
913 3713 972 3757 sine
990 3724 1041 3779 pro
1058 3706 1140 3759 verbo
1153 3707 1271 3758 habent:
1292 3723 1355 3758 sane
1370 3723 1540 3777 praepostere.

127 3764 136 3811 ·¹
198 3778 207 3785 ’
240 3808 279 3824 --
298 3783 339 3832 As
364 3785 436 3831 enim
461 3798 518 3832 nnn
543 3785 601 3830 tine
627 3785 688 3848 ign.
707 3778 827 3853 afficere
843 3788 951 3853 poterii
969 3800 1028 3852 sap.
1050 3798 1176 3854 corrupte
1196 3780 1264 3834 cdd.
1284 3782 1348 3851 aliq.
1369 3782 1539 3834 aBsEcvtt.

141 3918 144 3925 .
240 3884 279 3900 ·-
296 3858 338 3908 As
362 3860 438 3907 enim
452 3874 508 3907 nost
533 3859 593 3906 st'ne
611 3861 767 3922 ignominia
785 3854 806 3889 tt·
824 3852 844 3890 te
861 3854 880 3889 ᾗ
897 3855 1018 3928 efficere
1037 3858 1208 3927 replentem?
1228 3856 1279 3911 W.
1300 3862 1325 3910 2.
1351 3861 1402 3921 (-
1421 3859 1461 3905 At
1477 3860 1540 3905 enim

240 3948 298 3982 non
322 3936 378 3982 erit
394 3936 454 3982 aine
479 3934 643 4000 ignominia.
680 3932 842 3999 Ignominia
862 3930 982 4003 afficere
998 3938 1106 4003 poterit
1124 3931 1294 4003 sapientem?
1326 3930 1360 3983 de
1383 3934 1457 3982 hian.
1475 3948 1538 4002 susp.

240 4005 272 4075 L.
292 4002 378 4079 Ottv.)
399 4007 505 4078 Duplex
523 4003 666 4078 supplendi
686 4005 783 4060 modus
803 4012 954 4060 succurrit:
975 4008 1030 4061 tel:
1049 4009 1147 4060 endi
1165 4012 1237 4057 enim
1254 4012 1313 4075 sine
1332 4011 1492 4073 ignentinia.
1508 4033 1539 4048 -

240 4081 401 4147 Igtsonsinia
420 4079 540 4153 afficere
555 4084 662 4152 poterit
680 4082 761 4151 sap?
787 4079 819 4132 ld
837 4099 894 4135 est:
921 4088 980 4147 „At
1002 4087 1075 4136 enim
1097 4082 1171 4151 nulla
1191 4086 1343 4154 ignominia
1363 4080 1540 4132 afficiebantur

242 4140 448 4228 pere¹grinantes
469 4161 514 4209 isti
545 4155 719 4229 philosophi,
750 4171 847 4209 contra
877 4172 958 4228 quatu
979 4174 1019 4211 est
1040 4163 1068 4212 in
1088 4152 1151 4210 tero
1171 4157 1277 4221 exsule,
1309 4157 1460 4230 ignominii
1483 4171 1538 4207 tans

241 4244 348 4285 notato.
368 4230 464 4283 Nihilo
484 4236 575 4284 minus
595 4248 659 4300 ergo
679 4229 823 4296 exsilium,
844 4231 957 4286 malurn.
979 4232 1134 4304 Respondet
1153 4232 1273 4284 Tullius:
1293 4233 1482 4304 ignominiane
1498 4248 1540 4302 po·

239 4304 444 4377 terinexsilium
459 4304 564 4359 afficere
577 4311 746 4378 sapientem,
758 4311 841 4359 etiam
853 4310 876 4358 si
887 4326 916 4361 re
926 4324 986 4360 tera
1000 4314 1036 4362 sit
1049 4308 1139 4372 exsul,
1154 4325 1209 4359 non
1220 4311 1409 4380 peregrinetur
1417 4321 1466 4358 sno
1478 4305 1539 4358 ethi·

243 4380 360 4434 tratttl''
389 4381 504 4435 Faciunt
529 4397 580 4453 pro
604 4382 656 4433 hae
680 4380 799 4434 lectione
826 4380 896 4435 cdd.
928 4389 1157 4456 praestantissimi
1187 4400 1244 4433 non
1268 4398 1331 4434 ante
1358 4378 1542 4435 melonitani
1611 4427 1615 4435 .

242 4469 428 4527 egnescentes.
448 4456 515 4509 Vel:
547 4478 583 4496 ··
616 4458 657 4507 Ae
683 4461 758 4507 enim
785 4475 841 4508 nnn
860 4462 920 4508 sine
938 4464 1103 4527 Ignominia.
1125 4488 1160 4502 -
1179 4457 1339 4525 Ignominits
1358 4455 1478 4528 afficere
1490 4474 1538 4525 po·

196 4578 220 4597 ‚,
240 4535 309 4582 terit
336 4531 420 4602 sapi
437 4516 471 4583 Id
489 4546 547 4584 est:
567 4533 697 4585 Attamen
725 4536 879 4604 ignominis
903 4539 1053 4587 comitatur
1070 4536 1176 4587 exsilio.
1203 4533 1335 4585 Exsilium
1355 4550 1420 4602 ergo
1440 4530 1541 4605 malunt..

240 4605 311 4658 cet.”
338 4604 439 4677 Sisque
466 4604 556 4659 Bentl.
585 4604 654 4660 Lall.
683 4611 738 4658 erit
766 4622 781 4659 a
810 4607 908 4663 Lemb.
933 4626 960 4661 et
980 4608 1054 4664 Olit.
1075 4610 1241 4662 inculcatum
1261 4612 1362 4660 rectius
1382 4610 1536 4657 omittentes.

240 4685 290 4745 (-
308 4681 350 4733 As
367 4689 411 4733 est
428 4684 457 4731 in
476 4686 585 4733 nonune
603 4686 767 4749 ignominia.
785 4711 824 4726 ·-
844 4685 891 4734 An
910 4702 944 4735 ea
962 4683 1085 4757 afficere
1100 4688 1208 4757 poterit
1225 4682 1305 4754 sap?
1345 4681 1438 4735 Altera
1463 4678 1536 4732 Bentl.

239 4752 282 4820 Ε.)
321 4754 359 4830 (⁹)
378 4756 424 4810 Sic
444 4755 534 4810 Gehh.
555 4759 691 4828 seqq-r:
709 4756 743 4806 de
761 4776 822 4829 sap.
842 4764 914 4810 enim
932 4760 1064 4814 estuare
1082 4778 1156 4816 omn.
1176 4776 1218 4811 or.
1240 4758 1304 4814 ML.
1323 4785 1361 4801 ·-
1379 4755 1412 4808 de
1432 4770 1487 4827 sap.
1503 4759 1536 4806 est

241 4826 310 4881 baec
328 4848 400 4884 niun.
420 4848 464 4884 or.
484 4831 655 4887 PABs'Ecti.
693 4829 743 4907 (¹⁰)
762 4858 799 4877 ι·
818 4831 869 4885 lsoc
889 4834 961 4894 011.
