3384 5359
611 294 704 371 LIB.
725 302 793 371 te.
837 303 883 378 C.
905 305 960 371 tt.
984 294 1038 370 38.
1291 328 1295 333 “
1413 310 1475 376 lii
1549 310 1554 355 1

136 447 278 547 diceret.
301 448 360 515 81.
382 446 481 533 Ergo
502 460 537 514 ut
558 445 681 531 optima
702 444 858 534 quisque²
880 417 1064 512 valetudiue
1081 450 1216 516 allectus
1233 462 1343 535 potest
1357 450 1477 529 videris

136 546 197 609 12⁸
219 548 334 609 neutri
357 547 398 608 sd
420 543 556 626 aliquem
579 544 726 607 morbum
749 541 946 626 proclivium
970 540 1017 605 sic
1039 543 1160 606 animus
1183 543 1262 607 alius
1284 547 1326 608 ed
1347 544 1407 608 alia
1425 547 1495 621 τίω,

125 636 186 706 'tia
209 628 420 724 propensior.
465 637 531 720 Qui
552 648 655 700 autem
677 657 741 700 nou
764 647 897 711 natura,
920 638 978 699 sed
997 637 1092 719 culpa
1110 636 1217 702 vitiosi
1232 659 1302 702 esse
1316 638 1474 719 dicuntur,

125 754 259 800 ¹corum
281 734 358 799 vitia
379 743 526 797 constant
547 732 586 795 e³
607 729 697 794 salsis
715 728 919 813 opinionibus
934 740 1042 794 rerum
1057 733 1213 795 bonarum
1229 735 1288 796 aci
1309 735 1473 810 malarum,

139 840 178 891 nt
201 827 244 892 eit
266 828 348 890 alius
369 830 409 892 ad
436 827 515 892 alios
545 836 649 892 motus
677 823 999 909 perturbationesque
1029 826 1224 907 proclivior.
1278 828 1475 893 luveteratio

138 933 271 998 autem,
289 934 324 985 ut
339 922 371 985 iu
382 921 588 1003 corporibus,
603 919 730 1004 aegritu
742 918 930 1003 depellitur,
948 941 1042 1004 quam
1054 921 1297 1002 perturbatio⁵s
1317 922 1476 1010 citiusque

140 1017 333 1100 repentinus
353 1017 521 1081 oculorum
535 1026 643 1080 tumor
656 1026 804 1095 sanatur,
830 1034 921 1099 quam
938 1012 1084 1077 ‹bistruua
1101 1015 1255 1097 lippitudo
1270 1015 1476 1098 depellitur⁶.
1554 1096 1555 1103 ἵ

231 1111 442 1175 XXXVIII.
457 1109 512 1173 82.
535 1110 622 1174 Sed⁷
635 1109 762 1194 cognita
779 1107 839 1171 iarn
855 1128 950 1193 causa
963 1108 1251 1191 perturbationum,
1269 1133 1352 1195 quae
1366 1123 1483 1187 omnes

144 1205 297 1272 oriemur
320 1226 361 1268 ex
382 1204 515 1268 iudiciis·
528 1204 712 1288 opinionum
736 1202 768 1267 eit
790 1200 1026 1279 voluntatibus,
1050 1203 1091 1267 sit
1105 1204 1272 1269 iamhuius
1288 1207 1477 1290 disputatio-

142 1303 194 1366 nis
217 1303 345 1366 modus.
402 1299 492 1363 Scire
515 1301 622 1363 atatem
639 1299 719 1364 u0s⁸
742 1309 892 1379 oportet,
930 1298 1087 1383 cognitis,
1124 1302 1231 1384 quoad
1251 1301 1405 1383 possunt⁹
1435 1304 1475 1367 ab

143 1396 277 1461 homine
292 1395 468 1480 cognosci,
486 1396 645 1459 bonorum
661 1405 693 1456 et
708 1392 859 1455 malorum
875 1390 1011 1468 finibus,
1036 1392 1116 1457 nihil
1132 1416 1148 1456 a
1162 1395 1365 1477 philosophia
1381 1418 1477 1479 posse

144 1490 338 1564 animales,
363 1500 416 1551 aut
438 1488 545 1552 utilius
568 1487 719 1571 optari¹⁰,
744 1507 837 1571 quani
859 1484 950 1562 haec,
975 1508 1056 1570 quae
1079 1508 1096 1550 a
1120 1487 1211 1553 nobis
1227 1490 1290 1552 hoc
1304 1492 1478 1575 quatriduo

145 1583 308 1666 disputata
332 1593 416 1645 stant.
461 1583 573 1646 Morte
597 1582 677 1645 enim
700 1591 903 1663 contempta,
924 1589 955 1642 et
971 1581 1083 1646 dolore
1098 1585 1138 1644 ad
1152 1582 1333 1665 patiendum
1348 1584 1476 1664 levato,
1553 1589 1556 1594 ’

146 1674 349 1742 adiunximus
371 1674 565 1741 sedationem
587 1673 815 1761 aegritudiuist
840 1693 901 1757 qua
923 1672 1041 1736 nullum
1063 1675 1183 1740 homini
1204 1677 1318 1741 malum
1341 1677 1441 1742 maius
1452 1683 1476 1720 ¹¹

146 1783 211 1837 est.
256 1771 328 1835 Etsi
348 1769 430 1835 enim
453 1767 555 1834 omnis
578 1767 673 1833 animi
688 1765 894 1864 perturbatio
918 1767 1026 1851 gravis
1049 1782 1112 1846 est,
1138 1792 1196 1834 uec
1218 1772 1347 1835 mealtunt
1370 1774 1477 1839 differt

146 1869 188 1931 ab
210 1864 368 1940 amentia;
390 1875 493 1927 tamen
516 1863 624 1944 [ita¹²]
647 1875 792 1940 ceteros,
806 1862 914 1949 'quum
938 1865 1043 1925 suut¹³
1065 1864 1097 1927 iu
1114 1864 1219 1949 aliqua
1233 1868 1476 1948 perturbatione

148 1973 205 2026 aut
229 1971 350 2035 metus,
375 1970 428 2020 aut
447 1956 606 2032 laetitiae,
631 1968 683 2019 aut
705 1957 904 2039 cupiditatis,
934 1969 1113 2023 commotos
1137 1960 1231 2023 modo
1255 1970 1286 2021 et
1307 1963 1479 2040 perturba-

149 2066 209 2127 tos¹
225 2054 334 2118 dicere
357 2053 516 2117 solemus:
540 2052 606 2113 at¹l
629 2071 703 2126 eos,
727 2052 782 2136 qui
803 2074 837 2117 se
860 2053 1047 2139 aegritudini
1070 2052 1303 2128 dediderunt¹⁵,
1327 2054 1477 2130 miseros,

150 2149 308 2223 afflictos,
338 2169 563 2235 aerumnosos,
594 2146 808 2211 calamitosos.
867 2150 921 2213 83.
944 2150 1058 2233 Itaque
1081 2167 1146 2211 uon
1167 2147 1303 2211 fortuito
1315 2148 1340 2188 ¹⁶
1360 2150 1479 2213 Iactum

150 2245 299 2321 videtur,
332 2246 389 2306 sed
417 2265 433 2306 a
464 2254 495 2305 te
524 2239 647 2304 ratione
676 2241 899 2323 propositum,
935 2253 970 2305 ut
991 2240 1160 2324 separatius
1182 2242 1254 2305 de¹⁷
1278 2244 1478 2327 aegritudine

111 2330 183 2405 'et
204 2340 245 2401 de
267 2336 383 2401 ceteris
404 2334 699 2419 perturbationibus
721 2334 972 2417 disputaremus:
1003 2336 1035 2400 iu
1057 2358 1094 2399 ea
1117 2349 1164 2398 est
1186 2336 1267 2398 enim
1288 2336 1362 2401 lous
1384 2340 1480 2408 mue-

106 2476 116 2489 .
150 2432 273 2495 riarum
296 2443 327 2494 et
348 2441 457 2512 caput.
502 2431 566 2493 Sed
581 2430 647 2492 et¹⁸
669 2428 899 2513 aegritudinis,
923 2443 955 2494 et
969 2430 1166 2515 reliquorum
1182 2430 1274 2495 animi
1290 2434 1481 2505 morborum

150 2541 214 2595 uua
229 2524 353 2590 sanatio
369 2535 435 2600 est,
461 2545 570 2588 omues
587 2522 762 2605 opinabiles
779 2544 848 2588 esse
863 2537 895 2588 et
909 2525 1127 2599 voluntarios,
1145 2544 1182 2587 ea
1196 2546 1297 2609 reque
1306 2526 1333 2566 ¹⁹
1347 2527 1479 2610 suscipi,

151 2624 241 2707 quod
261 2621 305 2684 ita
326 2632 447 2683 rectum
470 2639 540 2681 esse
562 2618 717 2681 videatur.
761 2618 858 2680 Hunc
873 2640 1037 2695 errorem,
1062 2617 1150 2703 quasi
1170 2619 1306 2683 radicem
1324 2621 1481 2685 malorum

152 2715 342 2791 omnbuw,
365 2714 509 2797 stirpitus
525 2708 730 2795 'philosophia
753 2732 788 2774 se
811 2723 1023 2807 extracturam
1044 2698 1254 2796 pollicetur.¹
1283 2714 1336 2778 84.
1360 2714 1492 2779 Demus·

151 2786 371 2896 igliurflnos
392 2806 467 2870 huic
489 2806 702 2882 excolendos,
741 2826 771 2886 p.
787 2805 1000 2891 'iarnurque2²
1022 2828 1081 2873 uos
1103 2807 1220 2871 sanari·
1277 2809 1375 2873 His⁹³
1397 2808 1480 2872 eninr

152 2889 245 2968 melii
266 2900 520 2978 insidentibus&
554 2921 621 2965 nou
642 2902 739 2991 modo
760 2899 864 2976 beati,
898 2903 955 2964 sed
976 2923 1015 2965 ne
1036 2900 1106 2989 sani¹
1126 2902 1251 2987 quidem
1274 2924 1343 2966 esse
1364 2898 1481 2985 possu-

152 3020 239 3062 mus.
260 2999 330 3062 Aut
349 2997 448 3084 igitur
469 3018 641 3082 negemus,
665 2995 836 3080 quidquam
856 2997 981 3059 ratione
1003 2995 1137 3072 confici,
1162 3018 1259 3083 quum
1275 3010 1387 3061 contra
1403 2998 1482 3061 nihil

154 3093 225 3159 sine
246 3092 371 3157 ratione
393 3102 481 3156 recte
502 3090 573 3155 lieri
593 3091 715 3173 possit:
739 3100 810 3167 aut,
834 3111 930 3172 quum
952 3088 1157 3173 philosophia
1179 3110 1220 3152 ex
1238 3091 1396 3156 rationum
1411 3093 1481 3156 col·

150 3178 438 3262 latioue'constet,
463 3186 503 3248 ab
525 3205 582 3260 ea,
606 3181 634 3247 si
655 3196 687 3247 et
708 3181 786 3245 boui
807 3193 840 3246 et
860 3181 949 3246 beati
969 3184 1118 3247 volumus
1141 3205 1233 3260 esse,
1267 3187 1372 3250 omnia
1394 3186 1483 3250 adiu·
1527 3186 1530 3193 “

136 3292 259 3369 ¹menta
282 3292 313 3343 et
334 3279 448 3342 arixilia
470 3290 614 3361 petamus
636 3279 716 3340 bene
738 3276 895 3362 beateque
918 3277 1057 3342 vivendi.

228 3472 267 3537 (1)
291 3486 330 3522 oe
354 3474 415 3541 quis
440 3466 474 3520 de
500 3467 591 3521 Bentl.
617 3464 648 3522 8.
675 3469 710 3522 D.
734 3465 802 3520 Lall.
835 3471 930 3538 sicque
959 3467 1071 3524 Oxonn.
1092 3468 1176 3542 aliq..
1211 3470 1321 3526 allides
1340 3472 1484 3529 collatori-

151 3544 214 3599 bus.
247 3544 286 3619 (2)
314 3544 360 3597 Sto
387 3543 511 3620 (Oronn.
538 3540 642 3617 eliqt)
674 3540 707 3595 de
727 3542 818 3595 Bentl.
839 3547 977 3599 renuntia
998 3547 1032 3598 D.
1054 3544 1122 3597 Lell.
1144 3546 1198 3603 W.
1218 3552 1245 3600 2.
1263 3577 1302 3590 -
1319 3557 1351 3600 ur
1368 3549 1396 3602 b,
1417 3566 1483 3605 eum

151 3620 214 3673 eliis
235 3618 305 3674 Cdd.
328 3622 360 3674 P.
378 3647 419 3661 -
434 3617 529 3670 videri
548 3620 622 3678 alius
641 3626 672 3669 ret
697 3617 878 3672 lnsbcvut.
904 3649 942 3661 -
962 3619 1060 3672 videri
1084 3622 1157 3672 alius
1183 3622 1240 3674 alio
1264 3632 1369 3676 nattam
1395 3628 1425 3683 Ι..
1452 3624 1483 3683 (3.

149 3724 190 3740 -
206 3695 321 3758 videri,-
339 3703 402 3746 utut
419 3695 487 3748 Em.
508 3702 535 3753 1.
554 3693 604 3765 6.,
625 3689 699 3772 qnod
719 3696 934 3747 ciceronianum
954 3712 1012 3748 non
1032 3712 1083 3750 ess.
1122 3696 1211 3773 (³)=
1223 3717 1261 3749 ex
1273 3699 1482 3757 nusucvnst.

138 3770 191 3900 (ἴ)
209 3790 250 3826 =
267 3780 298 3823 st
318 3773 349 3825 lt.
367 3771 404 3824 D.
444 3770 482 3837 (⁶)
503 3770 552 3824 Sic
570 3776 626 3829 PV.
647 3767 738 3823 Gebll.
759 3771 840 3840 Seqq.
862 3799 900 3815 -
925 3777 1023 3839 aegris
1048 3771 1360 3848 (aegrius‘EmCML.)
1384 3775 1483 3848 depel-

166 3852 241 3913 Ὧν,
260 3852 302 3900 sic
320 3852 351 3899 in
370 3851 473 3899 cumis
492 3866 595 3919 quoqm
611 3843 789 3925 perturbatio
810 3848 883 3902 011.
904 3847 1085 3903 assecuti.
1124 3847 1162 3924 (ὃ)
1182 3876 1217 3891 -
1237 3850 1307 3902 boe:
1335 3850 1482 3923 depellitur

150 3938 312 3998 mpetum
331 3924 446 3976 Davisio
467 3927 574 3979 omittit
595 3928 685 3986 011·l
705 3918 743 3994 (⁷)
762 3919 865 3973 -Sic
885 3922 1034 3976 ABSECV.
1071 3921 1110 3997 (⁸)
1127 3926 1292 3991 queror.
1306 3925 1376 3983 021.
1391 3927 1489 3982 Gebb.

151 4005 180 4057 I·
204 3996 280 4073 (net.
300 3996 431 4053 censebat
457 3998 524 4054 Ern.
549 4019 619 4063 nos,-
645 4001 769 4056 firmatur
793 4012 808 4047 e
832 3995 875 4064 b.)
912 3995 951 4071 (⁹)
975 4005 1141 4071 -possint
1158 3999 1231 4056 ou.
1251 4001 1484 4057 eebsucvoss.

151 4072 205 4147 (11)
225 4103 259 4117 -
280 4081 425 4147 expectari
444 4073 486 4128 vel
502 4083 651 4148 praestari
669 4072 736 4124 Em.
756 4076 878 4145 suspice.
928 4073 982 4144 (11)
1007 4093 1047 4128 =
1064 4079 1156 4127 maim
1174 4075 1277 4127 mecm
1299 4075 1483 4132 mecvm..

150 4149 247 4204 Paullo
266 4165 332 4204 ante
352 4170 377 4205 r.
395 4151 436 4202 ad
450 4155 617 4224 patiendum
636 4162 766 4221 suspecta
784 4150 837 4202 Da·
875 4147 927 4221 (11)
946 4163 983 4201 ω
1002 4146 1056 4205 del.
1076 4151 1169 4201 ita=L.
1191 4150 1256 4204 Scir.
1276 4157 1303 4206 2.
1320 4150 1483 4224 (probini).

150 4223 218 4301 W.)
243 4253 282 4271 -ι
306 4233 401 4277 tarsen
425 4232 470 4278 ita
495 4225 549 4281 del.
574 4228 706 4285 censebat
733 4222 854 4291 leseu‚
887 4238 984 4296 utpote
1002 4241 1149 4279 ortum:
1169 4230 1272 4298 gemin.
1294 4244 1320 4281 ι.
1348 4234 1483 4282 amentia.

149 4298 203 4375 (Β)
231 4300 282 4356 stc
308 4302 340 4355 a
368 4300 396 4355 b.
423 4302 496 4363 03¹.
523 4307 601 4365 DW.
627 4312 654 4363 2.
679 4330 719 4345 -
736 4304 795 4379 fens
814 4299 918 4354 ector.
966 4297 1020 4414 (ιι)
1037 4328 1077 4344 -
1094 4310 1123 4353 st
1142 4300 1214 4357 011.
1234 4303 1291 4355 Pa.
1310 4329 1350 4345 -
1366 4291 1484 4357 ιιιίιω.

150 4392 226 4450 ευρ.
263 4375 317 4446 (11)
334 4406 375 4424 -
392 4377 528 4431 dederunt
547 4383 620 4445 031.
639 4377 749 4435 Fabrio.
769 4379 838 4441 (nou
858 4376 904 4443 L.)
941 4374 993 4449 (¹)
1010 4374 1194 4448 :fortuitu
1213 4375 1289 4431 ΔΕΒ.
1328 4375 1380 4451 (17)
1400 4407 1436 4420 -
1456 4386 1485 4430 si
1564 4405 1569 4411 ¹

45 4488 48 4493 -
150 4450 185 4503 ds
203 4453 237 4509 P.
275 4451 326 4521 (11)
345 4482 383 4497 -
401 4452 454 4505 sed
469 4460 536 4525 quio
554 4477 636 4527 σιμ,
655 4453 705 4512 cd.
725 4452 841 4505 Davisii.
862 4451 940 4524 prob,
960 4453 1052 4509 Benrl.
1090 4450 1143 4526 (¹⁹)
1162 4451 1211 4505 Sic
1230 4452 1264 4505 V.
1283 4451 1318 4504 D.
1340 4461 1365 4509 l.
1384 4452 1437 4509 W·
1457 4459 1487 4510 2.

149 4548 189 4587 =
205 4546 292 4600 eoque
312 4546 343 4581 re
363 4527 435 4587 021.
455 4531 662 4590 sensuum,
682 4526 753 4582 Lali.
801 4525 852 4601 (11)
871 4546 910 4582 =
928 4545 1003 4583 omn.
1022 4528 1089 4582 mal.
1110 4526 1256 4582 PABSEV.
1304 4523 1357 4600 (11)
1384 4526 1433 4581 Sic
1451 4529 1486 4582 ll.

148 4600 179 4656 b·
205 4604 335 4665 PVDW.
362 4610 389 4660 2·
413 4633 451 4648 ‘-
475 4622 547 4678 θῖὅο
573 4606 754 4666 ABSECMl-s·
779 4603 850 4657 [silla
871 4614 896 4663 1.
948 4602 999 4679 (2²)
1018 4634 1058 4650 -ι
1070 4609 1218 4676 patiamur
1238 4604 1269 4660 P.
1320 4602 1372 4676 (ῃ)
1392 4630 1431 4649 α·-
1448 4606 1486 4657 m

150 4678 278 4736 sanct.
317 4678 429 4755 (11)-
446 4680 649 4741 insidiantibus
668 4677 755 4741 Palas.
774 4697 818 4753 pr.
1088 4714 1091 4723 ·

637 4870 1002 4894 mm-
