3384 5359
604 374 607 383 .
721 326 771 391 us
794 327 889 393 utu.
911 328 942 392 1.
1130 400 1134 409 ,
1175 390 1183 405 ,
1431 332 1493 399 ιω

250 464 340 531 ΜΚ»
366 466 429 518 Boe
453 465 564 538 quidest
587 486 607 519 a
632 470 803 542 Cyrenaico]
835 471 869 523 Iu
892 484 1033 523 manuscr.
1056 467 1171 543 legitur:
1202 469 1242 523 Es
1266 471 1374 542 qrddem
1397 472 1449 526 boa
1472 492 1493 527 a

155 537 315 609 Cyrem‘po
333 541 469 611 Hegesia.
501 542 554 599 ¹De
573 545 708 616 Hegesia,
735 550 799 617 qui,
827 544 901 617 quod
920 548 1047 600 orations
1064 545 1222 600 horninibus
1242 546 1434 620 persuaderet,
1460 564 1493 604 ut

153 629 295 668 mortem
322 615 378 669 sibi
401 622 623 688 consciscerent,
650 618 872 685 πεισιθάνατος
895 625 1108 693 cognominatus
1133 619 1202 687 luit,
1230 621 1357 677 hairtins
1382 623 1442 678 Lib.
1463 631 1490 681 2.

150 691 381 817 ὶιιωΐιιιιιίρρο.
428 692 594 748 Callimachi
622 700 790 769 epigramma
817 700 849 748 iu
873 695 1082 751 Cleombrotum
1111 713 1145 749 ex
1169 699 1319 752 Ammonio
1344 699 1490 755 Victorius

152 780 196 816 re
248 769 269 819 ‘t
290 770 345 818 ita:

321 836 969 926 Ησας,ἥλαγαῖρε,1ΐλέομβρστος“ὠμβ
989 840 1131 917 ακιώτης,
1210 914 1220 925 ι

330 984 346 1005 ν
395 914 478 1004 ipim
502 905 553 992 ἀῶ
576 920 829 1005 ὑψηλοῦιτιίχιος
847 925 889 985 εἰς
908 862 1014 980 diade·
1035 916 1151 994 (ἀΐδην)

322 990 410 1063 αξιον
428 988 516 1050 oviis
529 989 606 1052 >aisis
623 996 768 1053 θανατοο
785 992 900 1063 κακὸν,
919 994 1000 1054 ἀλλὰ
1017 995 1181 1061 liberasset·

397 1063 432 1126 ’ἐν
449 1063 486 1124 τὸ
503 1064 573 1142 περὶ
591 1070 694 1144 ψυχῆς
712 1066 825 1146 γράμμ’
850 1069 1085 1148 ἀναλεξάμενος.

247 1142 272 1208 §-
284 1142 330 1202 bll·
350 1137 582 1218 ἀποκαρτερῶν]
603 1146 644 1197 Ιιι
664 1150 806 1217 perspicue
827 1149 857 1197 in
875 1162 972 1200 nostro
991 1162 1098 1217 quoque
1117 1160 1256 1200 manuscr.
1273 1145 1388 1220 legitur;
1407 1163 1489 1218 quam

155 1231 309 1270 vetustam
327 1231 355 1269 et
374 1232 531 1289 germanam
550 1216 701 1271 lectionem
719 1237 778 1274 esse
797 1220 938 1274 Victorius
956 1221 1054 1292 probat
1080 1226 1263 1275 testimoniis:
1297 1221 1396 1294 quibus
1423 1223 1491 1277 adds

159 1291 241 1344 illud
254 1291 394 1346 Plutarchi
411 1296 442 1345 iu
461 1298 662 1346 commentario
683 1292 823 1369 περὶτῆς
840 1300 883 1358 εἰς
901 1291 942 1352 τὰ
961 1292 1073 1372 ’ἔκγονα
1091 1296 1317 1375 φιλοστοργίας.
1344 1298 1492 1375 Ἡγησίας
1560 1354 1563 1361 ,

158 1364 183 1424 δ
273 1366 382 1444 ὸμινος
398 1364 526 1429 πολλοὺς
543 1367 682 1438 ἐποίησιν
700 1367 953 1443 ἀποκαρτερῆσαι
972 1374 1033 1428 τῶν
1052 1367 1269 1450 ἀκροωμένων.
1438 1377 1454 1393 “·

264 1484 270 1495 ,
290 1446 336 1502 35.
355 1450 468 1494 astante
489 1461 540 1513 ope
559 1443 722 1514 barbarica]
740 1445 927 1497 Barbaricum
940 1443 1084 1498 Turnebus
1097 1446 1158 1502 Lib.
1171 1449 1199 1504 9.
1218 1448 1376 1499 Adversar.
1390 1445 1493 1516 C.18.,

159 1522 368 1589 interpretaur
381 1515 547 1588 Phrygium,
567 1534 597 1571 ut
616 1522 670 1579 sit,
693 1534 783 1572 stante
803 1521 942 1592 Phrygum
961 1524 1085 1593 imperio.
1278 1530 1283 1540 ’

246 1590 336 1644 Ibid.
363 1597 443 1661 prtass·
460 1610 529 1644 vero
547 1598 604 1644 ista
621 1593 666 1664 vi]
692 1592 739 1648 Sic
757 1593 921 1667 iampridem
941 1596 1085 1649 Manutius
1104 1598 1244 1661 restituit,
1263 1611 1347 1667 quum
1366 1613 1400 1650 ex
1419 1599 1494 1649 anti-

161 1683 229 1747 ωσι
247 1670 383 1738 scriptura
402 1671 449 1718 σω·
466 1665 595 1721 librarius
614 1666 726 1722 iecisset
745 1671 808 1731 σείς
836 1675 866 1723 in
892 1686 947 1742 quo
965 1669 1041 1723 docti
1061 1668 1174 1740 quidam
1193 1660 1352 1724 haeserun't.
1395 1670 1491 1726 Paullo

125 1732 137 1755 ⁸
160 1754 235 1817 post
253 1750 313 1793 tuas
331 1751 477 1807 wantum,
497 1759 554 1795 nou
573 1751 682 1807 tamen,
702 1762 797 1799 noster
815 1750 900 1799 etiam
922 1749 1041 1816 scriptus
1059 1744 1132 1798 liber
1148 1743 1257 1818 probat.

246 1817 335 1883 §.¹86.
357 1816 467 1886 publiea
483 1817 718 1889 gratulabantur]
745 1821 816 1892 Lege
832 1820 943 1893 publice
962 1824 988 1871 es'
1007 1820 1238 1888 gratulabantur.

247 1889 334 1945 ibid.
353 1909 374 1941 a
391 1891 547 1944 us‘eiorIbtss
559 1892 785 1966 possiderentur]
805 1914 824 1946 ιι
841 1894 998 1947 vissus-thus
1012 1912 1158 1966 possessae
1179 1911 1334 1970 postremae
1353 1893 1493 1951 editiones

163 1968 293 2021 Munatii
313 1963 430 2027 habeon
458 1965 530 2036 quod
556 1982 621 2021 cum
644 1968 769 2022 membro
788 1967 963 2043 praecedeuti
984 1974 1074 2044 aptius
1093 1972 1233 2025 cohaeret.
1278 1971 1493 2025 Possidererslur

165 2057 267 2096 umen
285 2056 326 2094 est
344 2046 373 2094 iu
393 2046 591 2114 manuscripto.
977 2048 980 2055 '

220 2150 227 2159 -
246 2118 271 2184 ᾗ.
290 2120 334 2175 87.
361 2134 419 2168 nost
436 2123 515 2168 visas
533 2118 614 2170 modo
632 2119 793 2192 commodis]
821 2121 855 2174 ln
874 2135 1014 2177 manuscr.
1034 2124 1076 2173 eit
1094 2137 1152 2172 nors
1169 2119 1250 2172 modo
1267 2124 1347 2171 vitas
1366 2134 1491 2172 commo-

166 2191 239 2253 disc
265 2190 313 2244 ubi
332 2209 389 2244 nors
408 2192 489 2244 mado
508 2210 558 2264 pro
577 2211 634 2245 non
652 2194 735 2249 modo
752 2213 825 2261 nort,
845 2212 876 2250 ut
896 2212 977 2270 saepe
996 2195 1083 2261 alias,
1101 2210 1257 2268 usurpatur.
1295 2194 1403 2249 Deinde
1421 2195 1493 2248 Tur·

166 2266 259 2321 nebus
283 2270 323 2319 ito
342 2266 487 2340 legendum
507 2282 600 2340 putat:
630 2269 708 2338 Nos,
734 2277 781 2342 qui
808 2289 918 2339 suenus,
947 2289 1014 2324 ιιιωι
1038 2278 1089 2323 aul
1114 2270 1243 2324 cursibus
1267 2286 1409 2339 evemus,
1439 2276 1491 2322 arti

164 2347 284 2415 pennis,
303 2347 359 2406 sii,
378 2347 426 2411 pul
442 2342 570 2394 deberit?

246 2419 272 2484 §·
291 2421 337 2476 89.
355 2422 442 2468 stiam
460 2434 522 2469 eum
540 2416 652 2488 Pyrrho
670 2419 768 2490 nepos]
795 2421 826 2475 P.
841 2421 922 2475 Decii
942 2427 1019 2487 elus,
1039 2425 1086 2493 qui
1106 2424 1211 2494 primus
1231 2424 1261 2473 iu
1279 2417 1391 2472 domum
1410 2437 1491 2474 suum

168 2490 348 2546 comulatam
375 2492 486 2557 intulit,
511 2506 598 2565 nepos
617 2491 670 2545 fuit
690 2496 721 2548 P.
739 2494 842 2549 Decius
862 2497 945 2562 Mus,
972 2502 1019 2567 qul
1039 2513 1112 2549 anuo
1132 2493 1208 2548 arbit
1228 2494 1406 2549 cmxxiv,
1425 2510 1491 2548 cum

168 2568 204 2622 P.
223 2567 348 2639 Sulpicio
367 2573 465 2620 missus
486 2582 583 2620 contra
602 2568 736 2640 Pyrrhum
757 2575 787 2622 in
807 2571 921 2642 Apuliae
942 2572 1041 2625 fluibus
1060 2588 1125 2624 eum
1145 2560 1178 2624 eo
1197 2568 1353 2634 dimictslt,
1380 2574 1410 2623 lu
1435 2587 1490 2642 quo

168 2641 280 2716 proelio
299 2660 345 2695 rex
365 2641 601 2714 ipserulnerntus,
619 2643 653 2696 de
672 2648 796 2698 exercitu
814 2650 873 2698 eius
888 2647 944 2700 xx
958 2646 1045 2701 tullliu
1065 2661 1144 2699 caesa
1163 2643 1283 2711 fuerunt,
1302 2645 1490 2699 Romanorum

169 2721 294 2788 quinque
312 2716 392 2770 milis
409 2715 585 2783 oeciderunt,
605 2734 636 2771 ut
655 2719 804 2792 Eutropius
823 2719 884 2774 Lib.
903 2727 948 2788 2.,
967 2722 1083 2775 Orosius
1102 2721 1163 2775 Lib.
1178 2723 1204 2779 l.
1225 2722 1292 2791 Cap.
1307 2729 1332 2776 1.
1351 2722 1487 2774 scribunt.
1545 2740 1549 2749 ¹

168 2790 313 2846 cecidisse
338 2808 366 2845 et
391 2810 424 2846 eu
450 2792 612 2866 proelio.P.
632 2793 760 2849 Decium·
776 2794 919 2849 consulem
944 2798 1042 2850 Cicero
1064 2794 1125 2849 Lu.
1145 2802 1172 2850 2.
1197 2794 1232 2846 de
1256 2795 1370 2847 linum
1394 2793 1489 2851 tradit.

167 2869 294 2921 Zonaras
316 2884 389 2933 vero,
408 2867 479 2939 apud
498 2885 580 2940 quem
594 2869 693 2940 Pyrrhi
712 2870 826 2922 historia
846 2870 965 2943 plenior,
982 2887 1011 2924 et
1030 2874 1119 2939 magis
1139 2869 1280 2935 distincta,
1301 2885 1383 2941 quam
1402 2870 1490 2924 ullum

168 2941 257 2994 aliam
275 2946 439 3016 scriptoram
458 2960 570 3008 eurum,
588 2948 636 3015 qui
655 2942 737 2997 bodie
757 2960 883 3010 exstant,
909 2945 1028 3019 legitur,
1052 2961 1147 3019 aperte
1166 2945 1317 3018 siguificat,
1343 2959 1490 3016 utrumque

170 3015 312 3071 consulem
332 3018 437 3089 proelio
457 3023 609 3083 commisso
628 3017 804 3092 superfuisse.
841 3019 910 3074 luds
929 3019 1119 3076 adolescentes
1138 3035 1249 3097 possut,
1269 3036 1337 3091 quse
1356 3025 1492 3094 interpre-

170 3107 214 3147 tes
232 3110 261 3145 se
280 3097 407 3165 ignorare
427 3098 544 3167 ingenue
563 3091 692 3147 latentur.
1083 3138 1093 3159 Ι

248 3169 262 3220 l
269 3166 339 3221 bid.
365 3168 491 3222 Paullran
503 3171 653 3222 Asuuium
666 3169 792 3242 θαιιιιαι]
818 3168 852 3223 ln
871 3169 951 3224 libris
970 3169 1038 3225 olim
1057 3174 1200 3243 impressis
1218 3185 1246 3225 et
1265 3185 1404 3223 manuscr.
1422 3168 1492 3243 legl-

169 3257 233 3308 tur,
253 3244 379 3297 Pmdlsm
397 3252 427 3295 st
444 3245 588 3297 Gemintrm
608 3246 729 3298 Omnes.
769 3247 841 3298 Cum
856 3246 888 3300 L.
902 3245 1022 3301 Aemillo
1035 3245 1133 3301 Paullo
1151 3245 1264 3299 consule
1277 3247 1331 3299 Cu.
1342 3243 1489 3300 Servilium

169 3318 324 3373 Geminum
343 3318 516 3372 consulerem
536 3319 698 3373 uticenses
718 3319 870 3384 occidisse,
890 3321 984 3375 Livius
1004 3320 1063 3375 Lib.
1083 3326 1129 3378 22.
1155 3336 1183 3374 et
1203 3320 1251 3373 alil
1270 3336 1396 3376 suctores
1415 3335 1491 3374 suut.

248 3395 270 3460 i.
291 3395 338 3450 90.
364 3396 407 3445 At
424 3394 457 3445 id
474 3399 576 3465 ipsum]
601 3396 677 3448 Haec
697 3393 778 3448 verba
797 3399 828 3448 iu
846 3396 1020 3471 Manutitnis
1034 3397 1165 3450 Ciceroni
1183 3390 1361 3464 tribuuntur,
1380 3396 1493 3468 quibus·

170 3484 237 3522 eum
257 3466 326 3522 lacit
344 3483 438 3522 noster
455 3484 611 3536 munusue,
629 3485 660 3524 ut
678 3473 715 3523 sit
733 3475 891 3544 occupatio.

248 3541 337 3596 lbid.
363 3544 458 3595 ardent
474 3553 602 3597 nostram
616 3545 786 3617 potituram]
812 3545 940 3599 striis.
959 3551 987 3602 2·
1011 3544 1046 3612 ‚de
1065 3540 1185 3617 Officiis
1209 3548 1239 3597 ln
1263 3543 1342 3598 libris
1367 3548 1489 3617 autiquls

84 3680 93 3702 ι
169 3617 289 3690 legitur:
322 3618 498 3672 dandestino
521 3624 642 3672 introitu
666 3620 762 3671 urbem
783 3628 828 3673 est
839 3625 961 3692 pulsus.
998 3621 1101 3676 Noster
1119 3635 1257 3676 utanmcr.
1276 3620 1324 3675 hle
1341 3619 1517 3685 silattvum,
1632 3642 1637 3651 ·

167 3693 288 3768 probat,
307 3709 388 3762 quem
407 3693 552 3749 Manutius
571 3699 656 3750 etism
675 3693 774 3749 edidit.

246 3769 270 3835 i.
290 3772 337 3826 92.
363 3786 398 3821 ιιι
416 3786 479 3820 sues
496 3769 604 3842 quidem
622 3769 774 3840 tavellas]
800 3769 877 3823 Haec
896 3784 938 3824 cst
956 3766 1106 3847 πρότασις
1124 3769 1297 3837 cubationis,
1315 3775 1395 3826 cuius
1415 3765 1492 3829 ἁπό-

170 3840 256 3907 δοσις
281 3847 312 3896 in
337 3847 497 3913 quaestione
522 3843 672 3917 praecedit.
718 3845 814 3916 ltaque
841 3850 936 3917 inepte
964 3844 1045 3917 vulgo
1072 3843 1198 3900 additur:
1228 3864 1285 3898 nors
1311 3845 1393 3898 moda
1421 3851 1489 3918 ipse.

169 3916 292 3974 Additur
310 3934 375 3971 vero
394 3925 568 3993 comparatio
587 3919 706 3993 exempli
724 3924 854 3985 maioris,
879 3935 949 3993 quse
966 3924 998 3973 ln
1016 3926 1218 3993 manuscrqsic
1236 3921 1351 3993 legitur:
1381 3919 1487 3994 Endy-

170 3998 248 4046 mion
264 4011 351 4057 uero,
369 3997 396 4044 α’
405 3990 528 4063 fabulas
545 3996 644 4047 arsdr'rs
662 3997 804 4059 vadantes,
829 4001 875 4068 qut·
892 4000 986 4047 nescia
1004 3995 1115 4066 prunis
1133 4002 1164 4047 s'rs
1176 3996 1282 4053 ῐαιιιισ
1301 3994 1483 4061 obduratissii,

169 4074 219 4140 qui
235 4077 280 4122 est
297 4085 377 4121 mons
396 4069 513 4134 Cariae,
538 4071 675 4136 nondum,
702 4075 820 4142 opinor,
845 4078 1026 4143 experrectus
1050 4079 1104 4124 asi.
1147 4070 1244 4137 Lamb.
1263 4074 1369 4125 omisso
1394 4076 1488 4145 priora

89 4182 100 4191 .
169 4150 232 4216 qul,
250 4159 314 4217 post
331 4160 433 4197 nomen
453 4145 554 4197 Cariae
572 4162 704 4219 punctum
724 4148 862 4219 apposuit.
1348 4200 1352 4209 ,

166 4254 170 4263 .
246 4221 335 4287 §.95
360 4218 434 4270 idem
452 4224 479 4271 st'
493 4238 564 4291 puer
579 4228 699 4292 parvus]
726 4223 799 4294 Lege
817 4219 917 4285 iidem,
937 4236 989 4273 uec
1008 4219 1111 4292 probo,
1137 4234 1168 4274 ut
1189 4235 1285 4274 contra
1305 4216 1386 4273 fidem
1404 4220 1492 4275 libro·

169 4310 232 4348 rum
253 4298 378 4347 omniurn
397 4301 509 4365 negatio
526 4294 658 4361 addatur,
676 4297 852 4369 legaturque:
872 4312 957 4366 aequo
973 4301 1068 4347 auimo
1076 4295 1231 4366 ferandum
1245 4313 1301 4347 rtost
1313 4304 1429 4367 putant,
1445 4295 1489 4350 vel

168 4374 264 4441 iniquo
283 4374 377 4420 asima
387 4367 543 4440 serendum
557 4379 671 4440 putam.
705 4370 770 4424 ldeo
786 4374 863 4424 euim
882 4370 1008 4423 homines
1028 4375 1165 4443 patienter
1184 4369 1323 4424 ferendum
1338 4386 1446 4444 putsut,
1463 4377 1488 4425 sl

168 4450 204 4513 is,
224 4449 271 4517 qul
291 4459 332 4498 est
351 4458 442 4510 ustus,
461 4463 529 4517 puer
547 4463 645 4519 parvus
664 4452 809 4510 moriatur,
830 4443 904 4515 quod
922 4448 994 4497 vitae
1013 4450 1176 4499 suavitatem
1189 4444 1311 4499 nondum
1326 4453 1487 4519 gustaverit.

169 4542 171 4547 ·
243 4521 269 4587 ᾗ.
288 4522 334 4577 92.
361 4536 443 4585 nant,
464 4538 546 4585 reor,
564 4539 622 4574 stan
639 4522 707 4590 titis]
733 4519 776 4576 Ad
795 4522 864 4573 haec
883 4519 965 4572 verbs
985 4521 1107 4578 Manutii
1127 4519 1254 4574 scholion
1275 4537 1316 4575 est
1336 4521 1407 4581 talei
1433 4539 1490 4574 rsost

167 4600 298 4667 antiquus
316 4593 387 4648 liber
406 4612 462 4648 uon
481 4594 577 4659 babet,
599 4614 649 4650 nec
669 4613 734 4650 sane
754 4612 816 4650 aum
835 4599 972 4648 sententia
992 4600 1139 4669 congruit,
1157 4613 1242 4667 quum
1256 4596 1357 4650 Cicero
1369 4595 1488 4669 prudeu-

168 4675 239 4724 tiam
258 4675 288 4723 in
306 4668 420 4724 senibus
438 4669 540 4724 laudet.
579 4673 698 4725 Tantum
724 4672 783 4725 ille.
820 4671 995 4725 Camerarius
1020 4671 1135 4737 scribit,
1162 4672 1216 4725 boc
1241 4674 1403 4746 εἰρωνικῶς
1428 4687 1487 4724 esse

168 4745 419 4818 pronuntiandum
433 4752 569 4816 quoniam
583 4749 683 4803 Cicero
695 4751 807 4811 sentiat,
825 4762 906 4818 posse
918 4746 1004 4798 ritant
1017 4744 1167 4799 admodum
1186 4762 1245 4800 esse
1266 4751 1295 4799 ln
1313 4744 1487 4818 longitudino

169 4818 329 4875 iucundam.
368 4820 518 4874 Lambinus
539 4820 625 4875 edidit
644 4840 700 4874 nort
720 4823 798 4885 sellis,
819 4818 960 4891 quomodo
979 4818 1062 4874 babet
1081 4825 1164 4876 etism
1185 4825 1388 4894 manuscriptus
1406 4819 1486 4876 liber.

244 4897 269 4963 ξ.
288 4898 335 4956 96.
361 4914 444 4966 quam
462 4903 520 4950 r'tsr
537 4897 608 4949 illud
624 4897 772 4971 ιἰιιιιιιάιιιιι
790 4913 849 4948 esse
867 4895 959 4967 dabat]
991 4895 1067 4950 llaec
1092 4912 1134 4950 est
1156 4895 1292 4953 librorum
1310 4900 1486 4969 antiquorum
