3384 5359
615 346 618 351 ,
680 303 747 371 AD
768 305 867 369 LIB.
886 305 935 370 11.
1406 302 1465 375 267

142 459 228 518 quet,
249 458 357 498 tantum
375 460 391 498 e
410 450 548 501 cententio
566 445 694 502 discedit.
732 446 797 502 Nou
816 451 893 501 enim
912 446 1101 520 depellendus,
1122 443 1318 520 defugiendas,
1341 442 1465 503 devitan-

140 521 192 573 dne
216 536 257 574 ett
277 519 358 575 dolor
380 525 439 575 viro
462 520 543 588 forti,
566 522 614 577 red
633 539 714 596 saepe
735 520 777 596 (ut
796 538 878 597 cupro
899 527 938 577 ait
958 539 1017 597 cop.
1035 520 1076 598 5.)
1102 522 1174 577 ultro
1195 519 1381 596 appetendue,
1400 520 1464 574 rub·
1494 542 1498 547 ·

140 593 264 661 eandm,
279 596 475 670 excipiendum
514 597 590 668 Quid
613 602 716 671 igitur?
746 599 819 652 Ecce
844 597 895 652 tibi
918 598 1002 652 aliam
1025 603 1242 664 correctionem,
1266 613 1347 670 quam
1370 612 1465 650 veram

139 682 282 801 fumum
299 677 395 726 entim.
433 676 494 725 Aut
513 677 651 741 renitentia
670 680 760 744 igitur
770 673 922 744 Jbrtitndo
938 683 996 740 ert,
1019 683 1071 725 aut
1086 672 1358 728 DESPlCIENDUS
1373 671 1464 723 dolor.

169 763 249 818 empe
267 746 315 800 hic
335 745 369 800 de
387 745 551 805 fortitudine
571 756 686 822 repetit,
712 751 786 821 quod
808 765 888 803 anteo
909 747 942 802 de
965 755 1042 803 omni
1064 755 1165 804 virtute
1184 747 1306 816 dixerat,
1327 748 1381 800 hoc
1404 751 1465 820 ipso

139 826 249 893 copite:
279 824 341 873 Aut
362 829 435 876 enim
456 826 534 876 nulla
554 831 649 877 virius
670 835 728 891 ert,
754 833 805 877 etit
831 823 1050 879 contemnendue
1074 830 1164 877 omnis
1185 824 1275 877 dolor.
1316 821 1399 893 Quod
1425 822 1465 877 ihi

137 897 357 949 contemnendus
371 897 452 961 dixit,
472 901 518 953 hic
534 904 570 952 ob
586 906 748 954 varietatem
765 918 792 954 tt
811 905 922 974 copiam
935 900 1125 971 despiciendus
1137 900 1218 954 dicit.
1245 898 1359 954 Tuecul.
1370 899 1464 963 11‚25.
1523 942 1526 951 .
1617 932 1620 945 ·

138 972 268 1043 Propone
290 973 343 1024 tibi
364 975 573 1044 amplitudinem
595 981 700 1043 animi,
725 995 794 1049 quae
818 982 942 1028 maxime
963 980 1066 1029 eminet
1087 974 1298 1031 contemnendis
1324 990 1352 1029 et
1374 973 1466 1046 deopi-

138 1046 248 1101 ciendie
269 1045 421 1104 doloribue.
670 1096 673 1103 ,

138 1195 163 1248 d
215 1122 295 1176 Cn·
315 1125 397 1179 xlii.
423 1123 480 1177 Sed
497 1125 545 1178 ille
566 1135 642 1178 certe
663 1116 835 1182 Philocteteo
858 1144 915 1178 non
924 1122 1039 1198 sortis,
1060 1130 1107 1198 qul
1129 1130 1203 1179 iacet
1224 1130 1256 1178 in
1277 1124 1356 1177 lecto
1369 1121 1465 1176 itam-

162 1215 195 1265 o,
236 1216 265 1248 ut

218 1216 236 1269 q
365 1272 499 1338 Etutam,
522 1284 632 1348 qrmtn,
654 1281 775 1346 gemitu,
789 1275 969 1348 fremitibus,

364 1347 529 1403 Resonando
553 1351 687 1417 multum,
706 1352 817 1423 flebiles
836 1370 918 1404 vocer
940 1349 1056 1422 refert]

136 1421 287 1489 Plurimi,
307 1427 421 1496 opinor,
441 1425 547 1479 mendic
567 1432 729 1499 inquinatur
744 1430 792 1481 hic
811 1428 900 1481 locut.
938 1427 1026 1499 Vulgo
1042 1430 1110 1479 haec
1129 1424 1211 1480 verba
1228 1422 1261 1477 ad
1278 1422 1465 1478 Philoctetam

136 1496 280 1559 releruut3
311 1515 394 1571 quam
414 1500 529 1554 ridicule
554 1519 580 1555 et
601 1501 715 1556 obtunde
737 1504 779 1556 vel
802 1520 858 1556 uuo
880 1517 1045 1575 tegumento
1068 1500 1170 1555 videet.
1207 1498 1283 1570 Quid
1305 1502 1400 1552 enimi
1429 1515 1465 1551 an

134 1573 308 1628 Philoctetes
330 1584 445 1627 resonat
463 1578 589 1628 eiulatu?
619 1578 666 1631 ille
693 1594 767 1632 reete
789 1578 923 1632 eiulatum
949 1576 1021 1639 edit;
1044 1585 1167 1633 ,resonet
1187 1575 1285 1643 iocur,
1315 1575 1362 1628 ubi
1385 1574 1465 1627 Echo

138 1648 258 1701 eiulanti
280 1665 431 1723 responsat.
470 1652 502 1705 ln
521 1652 594 1706 libro
610 1654 652 1707 De
669 1653 783 1707 Finibue
804 1656 850 1719 ΙΙ,
868 1656 911 1712 29.
932 1658 974 1706 ric
991 1668 1083 1706 verene
1103 1652 1132 1705 hi
1152 1651 1331 1715 exhibentem
1354 1650 1465 1720 Quam-

136 1723 235 1775 obrem
257 1730 338 1794 tnrpe
352 1726 510 1796 putandum
529 1736 588 1794 est,
610 1747 668 1782 nort
685 1728 747 1781 dieo
766 1728 877 1796 dolere,
898 1728 949 1780 sed
965 1745 1068 1781 ruerem
1089 1726 1161 1780 illud
1177 1725 1323 1781 Lemnium
1343 1726 1465 1778 clamore

136 1796 312 1852 Philocteteo
327 1800 495 1870 finenem,

366 1876 449 1946 Quod
465 1878 587 1944 eiulatu,
612 1887 723 1949 questu,
747 1884 869 1947 gemitu,
884 1876 1056 1950 fremitibus

262 1948 263 1951 Ἴ
342 1998 349 2005 ι
367 1949 549 2020 Renuntiatio,
568 1970 674 2007 mutum
686 1953 797 2024 flebiles
814 1973 898 2007 voces
916 1952 1018 2025 refert.

140 2023 191 2078 Sic
216 2023 257 2078 ibi
279 2022 356 2079 dedit
378 2027 530 2085 Victorius:
561 2033 603 2083 tic
621 2029 800 2083 Norticenrie
823 2045 887 2083 tune
910 2033 1032 2101 optimur
1054 2026 1155 2093 hehet,
1182 2030 1224 2080 tic
1243 2039 1373 2098 qnettuor
1392 2023 1465 2078 Grn-

140 2105 196 2153 teri
219 2099 346 2166 codicet‚
376 2118 421 2167 et,
452 2119 482 2156 ιιι
509 2103 555 2156 ille
582 2119 713 2171 tentetur,
743 2120 847 2158 veteree
874 2102 1010 2158 editionee
1037 2120 1143 2156 omnen.
1181 2101 1217 2154 Et
1244 2097 1370 2174 prolecto
1396 2097 1464 2152 illud

139 2174 258 2226 inierim
281 2180 420 2247 quantivis
446 2183 528 2250 pretii
550 2194 600 2234 eet.
637 2178 767 2245 Mutum,
793 2184 898 2251 inquit,
920 2197 1023 2230 saxum
1041 2176 1135 2250 refert
1149 2175 1259 2246 stedilee
1277 2193 1378 2233 vocem
1399 2179 1465 2246 qula

140 2250 318 2305 Philoctetae
341 2251 489 2306 eiulatibue
512 2269 632 2308 retonat.
673 2256 732 2308 lioc
755 2253 902 2327 pulchrum
925 2269 981 2317 eet,
1006 2268 1033 2308 et
1056 2257 1139 2327 poite
1164 2250 1293 2325 dignum
1323 2250 1369 2302 hic
1392 2255 1466 2302 anti-

138 2325 240 2389 theton
263 2325 403 2400 eleganter
420 2325 576 2383 adhibetur.
615 2328 696 2399 Quod
716 2332 739 2382 ri
759 2338 876 2395 mitium,
903 2344 1016 2383 ottone
1040 2345 1097 2394 ert,
1121 2344 1171 2401 pro
1197 2341 1257 2379 vem
1278 2325 1400 2378 lectione
1422 2339 1464 2379 eet

139 2401 382 2473 amplectendum,
409 2407 548 2474 requitur,
577 2420 606 2457 ut
628 2422 679 2477 pro
704 2405 759 2475 Qui
776 2404 924 2479 legendum
945 2407 984 2457 eit
1005 2403 1101 2474 Quod,
1129 2419 1160 2456 ut
1184 2400 1225 2454 vel
1251 2400 1306 2453 hoc
1329 2400 1393 2452 loco
1413 2401 1465 2453 Pe-

139 2481 244 2529 trenrir
268 2493 331 2531 tuuc
354 2476 483 2552 praefert.
521 2480 595 2553 Ergo
619 2480 708 2545 letto,
734 2483 758 2533 tl
784 2497 845 2534 vere
874 2495 904 2533 ea
927 2478 1012 2533 lectio
1032 2494 1091 2546 eet,
1119 2483 1173 2532 erit
1199 2492 1299 2530 neutro
1324 2492 1424 2549 genere
1447 2489 1464 2527 e

137 2550 270 2618 lectum,
289 2568 320 2605 ut
339 2555 454 2607 Greecit
469 2553 624 2631 At'rtrpor;
649 2559 691 2607 ric
706 2554 813 2626 Digeet.
830 2555 965 2611 xxxiv·
983 2560 1016 2621 2,
1034 2557 1079 2613 19·
1116 2550 1232 2609 [stilum
1249 2553 1334 2623 PIW
1352 2567 1463 2619 ‘iiim'

136 2634 225 2754 teumd
233 2631 351 2696 argenti
368 2631 554 2700 appellatione
574 2646 632 2681 non
652 2634 821 2684 continetur.
867 2627 1056 2701 Quomolnem
1085 2643 1160 2684 totut
1187 2627 1267 2683 locun
1290 2631 1333 2681 elo
1357 2630 1463 2682 touni·
1530 2670 1534 2681 ,

137 2715 206 2757 tuen
227 2718 258 2756 ut
281 2718 339 2757 eet:

366 2777 423 2855 Sed
441 2779 488 2832 ille
510 2785 587 2831 certe
608 2797 665 2831 non
677 2776 792 2850 sorni,
817 2783 864 2852 qui

561 2890 565 2897 .
694 2859 769 2906 iacet
789 2859 819 2906 in
839 2856 913 2907 teoto
934 2850 1049 2905 humido
1191 2896 1194 2917 ,

366 2925 475 2996 QUOD
493 2928 614 2993 elidetis,
637 2938 749 2999 questu,
770 2935 894 2997 gemitu,
908 2927 1079 3000 fremitibus
1191 2932 1194 2943 '

364 3001 545 3069 desertando,
570 3004 714 3059 MUTUM
725 3004 836 3074 flebiles
854 3023 937 3058 voces
951 3002 1054 3075 refert.

134 3077 209 3132 Nem
233 3074 301 3130 illud
323 3076 396 3129 lecto
414 3076 527 3130 huntido
546 3097 603 3132 non
626 3080 771 3133 Ciceronle
794 3097 870 3148 erte,
895 3079 942 3134 red
964 3080 1086 3143 Poitae‚
1112 3080 1171 3149 ipra
1193 3073 1281 3129 dictio
1300 3077 1367 3127 entia
1390 3069 1463 3125 indi-

134 3169 194 3206 cet.
232 3153 350 3206 Lectum
374 3168 466 3206 autem
489 3152 632 3208 humidum
656 3171 698 3209 eet
718 3155 797 3228 plane
818 3174 922 3208 saxum
941 3155 1013 3208 iilud
1029 3154 1188 3218 lemen,
1217 3166 1271 3221 quo
1292 3149 1462 3203 Phlioctetee

134 3227 322 3298 procumberet
347 3232 442 3280 omnia
466 3229 623 3301 complebat
646 3247 743 3303 quettu
763 3247 790 3284 et
814 3236 927 3303 gemitu.

216 3301 304 3356 ibid.
332 3301 390 3354 Sed
413 3321 475 3354 eum
503 3310 623 3375 opprimi
644 3306 706 3357 dico
727 3312 887 3376 patientia,
917 3309 943 3357 si
968 3304 1049 3358 modo
1069 3311 1114 3354 ert
1134 3301 1228 3372 aliqua
1250 3304 1410 3371 patientiae
1437 3303 1463 3353 ri

133 3376 215 3429 retello
230 3386 291 3443 esi,
308 3383 374 3448 quid
390 3396 461 3448 ergo
477 3396 647 3431 exornemus
660 3380 896 3452 philosopdinmi]
922 3381 993 3433 Leve
1011 3376 1120 3451 quidem
1136 3372 1282 3429 mendum?
1306 3372 1354 3428 red
1373 3392 1462 3446 neque

134 3455 377 3525 praetereundum.
422 3454 509 3525 Lege,
531 3455 588 3509 siN
609 3457 687 3507 nulla
706 3465 767 3517 estc
790 3473 819 3510 ut
839 3461 939 3510 Cicero
956 3454 1033 3526 loqui
1052 3452 1137 3506 colet:
1163 3456 1205 3504 tic
1224 3449 1316 3524 paullo
1336 3447 1461 3515 inferius,
1492 3496 1495 3499 .

133 3527 167 3578 Si
191 3527 281 3578 nudae
301 3546 347 3592 ee,
378 3526 416 3579 do
438 3528 582 3597 iugulum:
613 3534 659 3583 ein
680 3540 770 3583 tectus
788 3532 940 3588 Volcaniis
961 3535 1055 3601 armie
1074 3542 1129 3582 cet.
1172 3529 1266 3587 therc
1286 3526 1312 3580 N
1331 3526 1462 3598 ebrorpte
1521 3576 1525 3584 ,

132 3617 178 3656 eet
202 3618 217 3654 e
240 3622 268 3656 te
288 3605 375 3656 uenti.

213 3624 292 3732 Cel.
306 3677 383 3733 xw.
404 3678 528 3730 Interest
544 3678 652 3750 aliquid
666 3685 744 3732 inter
758 3680 885 3734 laborem
900 3687 929 3732 et
944 3678 1085 3732 dolorem:
1105 3683 1172 3731 erint
1181 3673 1314 3748 finitima
1330 3678 1461 3734 omninot
1489 3690 1495 3707 ³

131 3751 187 3806 sed
207 3761 301 3805 tamen
321 3753 352 3804 di
375 3762 459 3805 errent
480 3754 597 3827 aliquid]
623 3758 764 3810 Victorino
785 3771 812 3810 ct
836 3754 999 3812 Gebherdoe
1024 3773 1057 3807 ex
1079 3751 1223 3807 codicibus
1246 3764 1408 3823 receperunt
1431 3752 1461 3800 ln

133 3844 260 3893 textum,
285 3828 327 3880 Di
350 3836 396 3879 ert
422 3828 535 3899 aliquid.
574 3829 618 3882 Tu
644 3829 680 3883 ab
702 3831 757 3884 illie
779 3829 915 3896 dimedio,
944 3846 972 3884 et
999 3846 1073 3884 recte
1099 3827 1226 3901 quidem:
1257 3824 1305 3878 red
1321 3822 1404 3877 vnihii
1431 3826 1479 3877 in‘

131 3908 211 3957 notio
234 3902 375 3956 admonet.
422 3903 592 3976 Opinionem
616 3919 710 3959 tamen
735 3922 811 3959 tuem
836 3905 977 3959 luculente
1003 3903 1149 3961 confirmet
1173 3902 1252 3955 locut
1278 3900 1323 3953 ille
1347 3897 1460 3953 Turoni.

133 3979 197 4044 111,
218 3980 263 4038 54,
308 3977 352 4031 Ee
371 3978 459 4030 verba
477 3997 535 4032 non
556 3979 670 4032 easdem
688 3999 736 4033 ree
758 3979 943 4056 significant,
973 3980 1024 4035 red
1043 3977 1151 4052 aliquid
1169 3968 1316 4050 diffluum
1347 3974 1395 4043 ‚lit
1418 3977 1461 4041 tio
1531 4010 1544 4031 ι

132 4054 204 4107 elim
225 4070 282 4106 non
304 4052 398 4107 remei.
420 4098 424 4121 ,
1172 4056 1176 4067 '

214 4126 305 4183 ibid.
330 4129 378 4181 lili
399 4137 493 4180 autern
514 4128 664 4183 voluerunt
1190 4178 1194 4189 ,

331 4202 415 4256 Nihil
430 4202 530 4256 horum
547 4207 637 4256 simile
657 4223 716 4257 esee
734 4207 812 4279 epod
827 4206 975 4262 Maenas
992 4208 1138 4274 virginee:

330 4278 428 4348 Qnibu’
447 4280 535 4347 magi'
551 4281 713 4350 palaestra,
732 4283 859 4349 Eurota,
879 4284 940 4350 rol,
958 4281 1070 4354 pulvis,
1090 4276 1179 4343 labos,

332 4354 438 4408 Militia
460 4358 488 4407 ln
511 4355 604 4407 studio
625 4364 683 4423 eet,
706 4376 789 4429 quam
810 4357 939 4413 fertiliter
961 4354 1098 4422 barbara]

135 4430 204 4485 Sine
227 4425 395 4483 dubiorum
416 4434 516 4482 retiarii
537 4447 570 4483 ex
592 4447 682 4484 vetere
702 4437 801 4504 ficita,
822 4450 852 4487 ut
877 4432 1009 4509 lotephut
1029 4428 1151 4498 Scaliger
1169 4427 1275 4496 primur
1296 4419 1461 4476 obeerveuit.

136 4502 192 4559 Sed
212 4503 295 4575 quid,
319 4504 451 4569 obsecro,
474 4506 522 4558 hic
544 4504 611 4560 lecit
630 4507 763 4560 Militia?
785 4511 868 4563 Certe
886 4527 934 4563 eeu
954 4509 1073 4578 virginee
1092 4506 1148 4556 tite
1168 4499 1294 4552 mulieres
1311 4496 1459 4568 Spartanae

135 4578 254 4634 militiae
277 4585 391 4632 nomina
419 4577 580 4634 dedisce-et
606 4581 763 4636 inauditum
785 4600 844 4651 eet,
871 4601 899 4638 et
921 4598 1032 4656 promor
1054 4574 1226 4632 incredibile.
1271 4571 1346 4641 Quid
1369 4586 1461 4623 autem

136 4653 280 4719 fertilitas
297 4655 442 4707 barbarol
466 4654 536 4708 Sunt
555 4658 839 4735 quveemditmem‚
860 4655 1058 4719 πολυτεκνίαν
1075 4659 1306 4723 interpretanturt
1332 4646 1379 4697 ted
1397 4649 1459 4737 {1⁰¹⁸

137 4746 170 4859 2¹1⁸
172 4731 294 4861 ‘'tin‘'
296 4745 349 4859 'tl
367 4747 453 4878 iii?
455 4729 964 4870 iiii:{‘¹¹¹.’..ti..⁰.‘}¹¹:'.'il¹:i⁰...f:f
967 4729 1304 4877 ²¹¹i.ip{‘¹”i..i‘i.'.‘
1307 4737 1357 4848 ’ἵζ’
1359 4736 1462 4867 'odd

138 4897 260 4951 noctur,
278 4881 427 4952 palaestra
444 4896 499 4936 eet.
518 4896 544 4936 et
556 4880 722 4954 fertilitm
744 4889 821 4958 etqui
841 4885 936 4954 labor,
957 4881 1108 4959 peleeetn,
1129 4874 1218 4951 pultle
1237 4870 1298 4948 plne
1314 4866 1461 4925 conferunt

363 4968 373 5001 ι
