3384 5359
232 269 295 333 264
329 286 335 319 ¹
656 264 883 331 BENTLEII
905 263 1122 329 EMENDD.

231 412 378 464 sententie.
415 406 539 461 Dixisset
558 409 652 476 utique
672 408 781 457 inverso
800 404 914 458 ordine:
941 404 997 475 Qui
1018 413 1069 463 aut
1088 404 1223 456 malorum
1243 401 1294 457 ltac
1312 408 1437 457 ammaim
1455 413 1565 457 extre·

231 503 322 549 mum,
347 490 398 534 arti
414 482 503 539 saltem
522 481 624 531 ruebam
643 497 701 531 esse
720 479 797 532 dicii.
842 481 934 548 Quare
961 480 1015 532 alia
1040 478 1196 532 adhibenda
1224 479 1360 537 medicina
1386 498 1446 545 est,
1470 497 1502 534 et
1529 495 1563 532 ea

232 559 343 630 quidem
361 561 523 612 certissima.
552 556 626 627 Lego
646 561 730 620 enim,
749 556 815 620 Hie,
835 561 881 627 qui
899 553 977 609 NON
997 555 1087 606 solum
1107 554 1159 607 ltoc
1178 556 1282 606 malum
1301 554 1379 619 dicit,
1400 555 1471 608 SED
1492 573 1566 606 nea·

232 638 322 689 larum
342 637 462 685 omnium
480 639 652 696 extremum,
679 637 832 701 sapientem
851 637 944 683 censet
962 629 993 679 id
1009 648 1097 681 srtaue
1116 630 1263 683 dicturum.
1311 630 1406 685 Solum
1423 648 1492 684 uero
1513 631 1566 684 hio

232 708 394 763 adverbium
413 722 471 771 est,
491 722 522 761 ut
540 706 638 769 modo,
655 713 781 765 tantum,·
803 705 876 775 quod
895 702 992 765 fefellit
1013 704 1154 759 librarios.
1193 705 1292 769 Stoici,
1311 710 1411 776 iuquit¹
1430 703 1566 757 dolerem

231 784 336 839 malum
355 800 413 837 esse
433 795 547 853 negant3
582 786 706 832 tristiori
726 796 814 833 tamen
836 797 965 852 asperum
985 778 1081 834 dicunt
1102 796 1129 833 et
1150 778 1295 834 odiosum:
1326 781 1464 853 Epicurus
1491 799 1564 833 uero

233 860 357 913 dolorem
375 875 432 911 non
452 855 535 909 modo
555 855 658 908 malum
677 854 756 919 dicit,
776 854 824 925 sed
845 855 981 908 rusiorum
997 860 1122 908 omnium
1138 870 1301 922 extremum,
1319 860 1441 907 cruciari
1462 869 1565 909 tamen

232 952 313 989 suave
339 933 477 987 dicturum
504 936 666 1004 sapientem.
711 930 828 1001 Liquido
854 935 927 994 iam,
954 928 1055 997 eredo,
1080 947 1108 983 et
1134 945 1227 1002 aperta
1254 936 1390 984 sententia
1410 946 1463 984 est.
1512 932 1565 985 Sic

230 1011 333 1071 Noster
357 1006 414 1061 lere
440 1005 523 1072 alibi,
555 1022 584 1059 ut
611 1004 726 1058 Tuscul.
745 1006 778 1062 V.
801 1009 829 1061 9.
874 1006 929 1075 Qui
953 1024 1034 1075 qttum
1060 1005 1185 1057 dolorem
1210 1022 1267 1057 nou
1293 1004 1374 1059 modo
1402 1010 1565 1057 maximum
1655 1058 1656 1063 ,

127 1074 135 1086 ’
231 1087 348 1149 maltam,
368 1081 416 1136 sed
435 1084 522 1134 solnm
541 1081 644 1132 malum
663 1085 747 1132 etiam
767 1081 883 1134 dixerit.
910 1080 946 1132 Et
964 1082 996 1144 V,
1013 1082 1059 1139 26.
1087 1081 1178 1150 Quum
1196 1086 1376 1132 constituerit
1394 1098 1451 1133 nou
1469 1081 1562 1134 ruodo

230 1178 364 1212 summum
382 1159 485 1210 malum
504 1173 563 1207 esse
581 1154 721 1220 dotorem,
743 1154 789 1208 sed
809 1160 894 1207 eiiam
914 1155 1012 1207 solum.
1046 1156 1088 1208 De
1108 1155 1221 1208 Finibus
1237 1157 1283 1226 ll,
1306 1160 1352 1215 23.
1378 1157 1469 1226 Atque
1487 1156 1564 1209 Isaeo

232 1244 333 1288 coniers
351 1235 542 1304 Aristippum,
571 1236 618 1301 qui
644 1248 706 1281 eam
730 1232 906 1302 voluptatem
933 1246 991 1282 nou
1011 1229 1095 1282 modo
1115 1248 1266 1294 minimam,
1295 1229 1344 1285 sed
1361 1233 1451 1282 solam
1469 1239 1564 1283 etia:

128 1302 133 1319 ⁸
231 1310 317 1363 meru.
345 1307 429 1361 Libro
449 1324 512 1361 tero
534 1311 622 1379 primo
642 1303 675 1357 de
696 1305 809 1359 Finibus
830 1320 892 1377 cap.
907 1314 952 1365 11.
972 1309 1099 1376 geminus
1121 1306 1200 1378 plane
1221 1305 1286 1358 huic
1304 1305 1383 1359 locus
1403 1322 1461 1369 est;
1481 1306 1567 1359 Illud

232 1389 306 1437 euim
323 1389 429 1455 ipsum,
455 1401 535 1453 qrutm
554 1380 858 1444 omniscientem,
884 1398 942 1432 non
961 1379 1045 1433 modo
1065 1381 1233 1453 voluptatem
1254 1391 1330 1447 esse,
1356 1399 1450 1434 verum
1471 1387 1563 1437 etiam

231 1476 365 1520 summam
383 1459 566 1529 voluptatem.
611 1458 651 1509 lta
680 1473 791 1527 prorsus
817 1457 871 1508 hoc
895 1455 961 1507 loco
986 1456 1072 1521 dicit,
1099 1473 1156 1507 uon
1175 1456 1264 1507 solum
1282 1456 1384 1507 malum
1404 1474 1482 1523 esse,
1511 1457 1567 1509 sed

232 1537 369 1587 malorum
394 1542 558 1585 extremum·
604 1533 699 1603 Neque
725 1536 799 1584 enim
820 1535 968 1602 quicquam
989 1530 1037 1583 hic
1057 1529 1090 1583 ad
1111 1546 1304 1602 argumentum
1323 1529 1407 1596 facit,
1433 1512 1564 1585 lolium
1655 1548 1656 1557 ¹

231 1610 334 1663 malum
361 1614 397 1661 sit
423 1607 517 1672 dolor,
551 1604 633 1667 modo
661 1611 698 1659 sit
723 1615 889 1659 extremum.
935 1605 1064 1658 Ceterum
1089 1604 1156 1658 illuri
1184 1610 1295 1678 insuper
1322 1604 1490 1673 notandum,
1525 1626 1563 1661 ne

232 1689 418 1759 imperitiores
443 1681 559 1735 fortasse
586 1679 740 1747 deterreat,
770 1680 843 1752 quod
870 1685 900 1734 in
924 1678 995 1734 locis
1016 1685 1071 1734 iarn
1092 1684 1185 1733 citatis
1205 1699 1260 1732 non
1279 1681 1363 1732 modo
1381 1681 1499 1741 dixerit.
1531 1689 1567 1737 iu
1655 1704 1656 1711 ¹

231 1776 327 1814 nostra
346 1776 409 1812 rero
429 1755 620 1821 emendatione
640 1775 697 1808 uon
715 1758 813 1809 solum.
853 1756 925 1810 Num
947 1758 976 1807 in
997 1755 1052 1809 illis
1073 1758 1182 1826 quidem
1202 1755 1272 1808 locis
1293 1774 1349 1807 nou
1367 1757 1459 1808 solum
1477 1758 1561 1831 plane

231 1835 365 1889 absonum
381 1832 484 1897 inerit,
511 1836 574 1903 quis
595 1831 633 1883 ibi
653 1833 742 1886 salum
762 1836 891 1884 iteretur:
922 1830 983 1902 quis
1003 1836 1078 1883 enim
1099 1830 1213 1895 dixerit,
1239 1849 1296 1881 uon
1313 1832 1403 1887 solum
1421 1850 1562 1886 summum

230 1912 335 1963 malum
353 1909 477 1960 dolorem
496 1924 570 1970 esse,
589 1906 640 1957 sed
657 1912 743 1959 etiam
761 1907 869 1959 solumi
888 1908 973 1976 Atqui
994 1905 1061 1959 ulibt
1072 1944 1080 1970 ‚
1100 1905 1148 1958 ubi
1168 1904 1240 1957 nihil
1260 1906 1313 1958 tale
1334 1906 1483 1978 prohibet,
1500 1928 1562 1961 nou

231 1988 321 2037 salum
346 2015 365 2027 -
389 1983 454 2048 sed,
486 2000 543 2032 non
568 1982 657 2033 solum
682 2012 701 2025 -
725 1982 776 2032 sed
799 1986 901 2045 eiiam,
934 1984 1036 2052 passim
1062 1979 1135 2049 apud
1154 1998 1278 2033 nostrum
1300 1998 1447 2035 occurrere
1468 1990 1560 2055 quitis

205 2072 209 2077 '
230 2065 359 2133 reperiet.
384 2087 420 2102 -
457 2057 553 2111 *Dela
573 2056 624 2106 ab:
653 2055 736 2125 Quod
762 2053 797 2108 ad
823 2053 978 2128 exemplum
1000 2053 1034 2106 ad
1052 2074 1109 2108 uon
1128 2057 1216 2108 solum
1236 2055 1254 2108 l.
1275 2059 1320 2113 29.
1340 2056 1380 2129 [p.
1402 2063 1449 2117 55,
1469 2059 1489 2113 l,
1511 2066 1559 2130 251,

230 2134 275 2188 ed.
291 2134 361 2202 itai]
382 2141 411 2183 ei
429 2131 527 2183 deinde
542 2141 596 2202 pro
616 2136 739 2196 iteretur,
758 2133 830 2199 lege,
850 2136 975 2184 iteratur.
989 2155 1026 2172 ·-·
1053 2135 1151 2202 [Atqui
1171 2131 1286 2183 sublatis
1305 2136 1359 2197 iis,
1377 2148 1448 2202 quae
1468 2133 1557 2187 deleri

232 2210 290 2264 vult
312 2207 470 2272 uentum,
489 2221 538 2258 sua
558 2204 730 2259 adnotationi
751 2224 837 2275 neque
857 2211 1013 2270 sententis,
1033 2224 1121 2276 neque
1142 2212 1215 2259 ratio
1235 2222 1354 2259 constat.
1392 2208 1490 2280 ltaque
1511 2213 1559 2263 hic

231 2290 316 2340 otiam
343 2285 420 2337 locus
446 2289 520 2337 inter
549 2297 596 2333 eos
622 2279 780 2334 referendus
808 2298 867 2333 esse
891 2279 1016 2347 videtur,
1044 2279 1077 2334 de
1102 2281 1201 2352 quihus
1222 2279 1372 2336 Gaisfordii
1400 2283 1558 2339 admonitio

230 2376 318 2415 exstat
340 2365 368 2412 in
389 2360 440 2411 boe
460 2356 652 2411 praelationis.
671 2355 772 2427 Burri]
811 2357 871 2409 lam
890 2355 918 2408 id
938 2355 1012 2428 quod
1034 2361 1168 2408 continuo
1188 2362 1327 2427 requitur:

306 2437 384 2489 css.
405 2434 470 2485 vti.
494 2431 559 2499 Ego
578 2449 597 2481 a
616 2440 644 2483 ie
662 2449 718 2482 non
734 2432 865 2502 postitio,
885 2440 917 2482 ui
929 2430 1054 2483 dolorem
1074 2431 1176 2482 eisdem
1196 2428 1438 2503 verbisafficias‚
1459 2432 1559 2504 quibus
1655 2440 1656 2449 ²

229 2510 368 2582 Epicurus
386 2507 565 2580 uoluptatem,
585 2504 667 2558 horno
686 2516 719 2558 ui
736 2512 792 2557 seis
810 2506 1009 2578 volrrpiarius]
1022 2509 1077 2560 Aut
1097 2504 1190 2570 fallor,
1212 2523 1257 2560 aut
1276 2508 1330 2559 ltoc
1349 2507 1450 2560 malam
1470 2514 1557 2561 iuter

227 2585 364 2660 polatoris
385 2599 495 2636 manum
515 2599 674 2654 perpessum
695 2596 747 2637 est.
785 2583 856 2635 Nam
876 2583 1014 2655 Epicurus
1035 2580 1204 2652 voluptatem
1223 2583 1353 2647 dictitat,
1372 2600 1507 2635 sumuutm
1528 2590 1559 2635 ei

228 2660 438 2717 solumbonum
457 2673 531 2710 esse:
562 2661 622 2727 quis
644 2672 736 2710 autem
755 2656 882 2709 dolorem
901 2659 943 2709 his
965 2655 1056 2709 verbis
1077 2657 1199 2709 alliciat?
1229 2674 1275 2710 sut
1295 2658 1362 2728 quid
1381 2663 1502 2724 mirum,
1531 2664 1557 2712 ai

231 2734 261 2793 id
287 2751 303 2787 a
330 2738 440 2787 nemine
467 2731 606 2804 postulem
638 2732 746 2786 Dixerit
772 2748 837 2785 sane
856 2732 992 2805 Epicurus
1019 2736 1049 2784 in
1068 2730 1222 2785 Phalaridis
1244 2749 1337 2795 tauro¹
1365 2750 1448 2803 quant
1467 2752 1557 2785 arteve
1655 2796 1656 2799 Ἴ

232 2827 274 2863 est
294 2811 365 2875 hoc‚'
393 2824 474 2878 quam
493 2808 547 2859 hoc
566 2824 622 2859 non
647 2806 730 2861 curo!
764 2822 855 2860 tamen
881 2809 934 2861 hoc
949 2806 1071 2879 multum
1093 2806 1170 2859 abest
1189 2807 1224 2859 ab
1243 2808 1298 2861 illis
1320 2807 1424 2872 verbis,
1455 2809 1557 2878 quibus

231 2885 401 2957 uoluptatem
421 2881 522 2945 afficit,
542 2898 622 2951 quam
642 2886 762 2935 omnium
780 2881 916 2935 bonorum
927 2880 1020 2954 finem
1039 2899 1099 2934 esse
1119 2883 1204 2936 ducit.
1242 2882 1310 2935 Dele
1328 2887 1411 2953 igitur
1428 2890 1555 2956 spurium
1655 2896 1656 2903 ¹

230 2958 300 3015 illud
319 2961 502 3030 voluptatem,
522 2972 549 3009 et
568 2957 644 3029 leget
663 2957 728 3025 Ego
746 2977 765 3008 α
785 2966 813 3008 ie
832 2976 889 3008 non
904 2958 1029 3028 pasitele,
1049 2965 1080 3007 ui
1098 2955 1223 3010 dolorem
1242 2958 1344 3011 eisdem
1360 2959 1456 3011 verbis
1473 2957 1557 3032 asfi·
1655 2940 1656 2961 l

229 3029 1090 3176 ⁶¹M2*‘ll¹¹‘)l?idll{3:373ul?2¹:1²5lwfrss‘lpnvjlzlggzlpqm
1109 3105 1143 3158 ab
1163 3108 1282 3160 Hercule
1302 3117 1468 3180 acceperat,
1494 3118 1556 3162 tum

228 3184 460 3256 consolabantur]
486 3184 533 3238 Sic
552 3187 650 3253 scripti
670 3198 698 3235 et
718 3181 870 3241 editi;·sed
891 3200 994 3256 repono
1008 3183 1298 3245 comminutum
1318 3200 1348 3237 ut
1368 3201 1449 3251 mox,
1470 3203 1553 3256 quum

229 3265 307 3314 cient
326 3266 482 3323 succintus,
502 3273 547 3325 et,
565 3263 657 3328 itaque
676 3256 822 3310 exclamat.

306 3333 410 3388 *lbid
451 3335 514 3384 Heu
541 3339 602 3401 quis
631 3334 716 3384 salsis
734 3332 870 3404 siriciibus
898 3329 1024 3402 maudei]
1055 3333 1167 3385 Veteres
1194 3336 1285 3385 nostri
1311 3333 1378 3402 QUl
1404 3351 1455 3406 pro
1481 3338 1556 3404 quis.-

230 3411 358 3483 llepono:
379 3409 495 3475 ECQUI
515 3410 600 3459 salsis
618 3425 673 3463 cet.

305 3487 408 3539 *Cum
427 3484 502 3535 Vlll.
529 3483 585 3536 Sed
601 3483 746 3536 videanuts
764 3481 911 3535 Herculem
936 3486 1040 3552 ipsum,
1066 3486 1112 3552 qui
1136 3490 1196 3534 ium
1223 3481 1319 3533 dolore
1337 3480 1550 3552 frangebatur,

230 3579 312 3633 qaum
330 3558 588 3622 immortalitatem,
610 3563 668 3630 ipra
689 3575 794 3622 morte,
812 3556 978 3628 quaerebat]
1006 3556 1107 3610 Obstat
1127 3556 1180 3610 sibi
1201 3572 1227 3609 et
1247 3563 1399 3611 sententiae
1419 3574 1484 3610 suae
1503 3560 1553 3611 Ci-

231 3653 314 3701 cero,
341 3651 425 3706 quum
445 3638 507 3703 ipsa
525 3642 614 3684 morte
634 3632 720 3686 dicit:
749 3634 810 3705 Ipsa
831 3636 907 3684 enim
926 3636 1077 3703 graviorem
1099 3636 1126 3684 in
1147 3649 1236 3685 morte
1256 3631 1378 3685 dolorem
1399 3650 1459 3685 esse
1478 3634 1553 3686 indi-
1655 3658 1656 3679 i

231 3728 292 3791 cam
313 3728 394 3781 quem
415 3713 505 3781 potius
525 3708 625 3761 elevari
645 3713 777 3782 oportuit.
805 3709 876 3780 Lege
896 3711 1062 3761 certissime:
1082 3726 1163 3779 quum
1177 3708 1419 3761 immortalitatem
1434 3709 1551 3763 tussit

230 3794 322 3840 morte
341 3783 499 3856 quaerebat.

229 3910 233 3915 ,
305 3859 421 3914 *ibin
447 3859 525 3928 Quae
549 3876 665 3930 corpore
690 3857 841 3913 exanclato
867 3864 950 3926 atque
976 3862 1070 3908 animo
1092 3858 1210 3928 perluit]
1237 3859 1309 3931 Lege
1335 3876 1367 3910 ex
1387 3858 1550 3912 melioribus
1655 3860 1656 3863 ’

231 3936 374 3990 codicibus
394 3933 510 4008 (nostris
528 3951 601 3987 certe
618 3933 760 4003 omnibus)
779 3932 948 3984 exanclato:
969 3933 1076 4003 vulgata
1096 3932 1180 3986 lectio
1199 3933 1304 3985 nullum
1324 3952 1434 3988 sensum
1455 3933 1549 3988 habet.
1655 3942 1656 3977 l

231 4013 325 4083 Neque
344 4015 417 4064 enim
437 4026 536 4080 corpus
554 4009 733 4061 exanclatum
752 4005 807 4060 dici
828 4023 919 4081 potest
939 4006 1122 4059 exhaustum:
1140 4025 1244 4080 neque,
1266 4013 1288 4061 si
1303 4025 1418 4081 posset,
1437 4026 1550 4065 senten·
1655 4005 1656 4031 ¹

231 4092 287 4140 tiae
312 4089 480 4139 conveniret.
525 4085 589 4137 Non
614 4089 689 4136 enim
716 4083 848 4135 exhausto
873 4082 907 4135 et'
929 4082 1011 4135 effeto
1038 4076 1168 4156 corpore,
1196 4081 1244 4135 sed
1271 4084 1360 4136 ualido
1387 4100 1414 4137 et
1439 4091 1549 4158 integro

229 4160 338 4217 labores
360 4160 422 4215 tulit
442 4159 584 4213 Hercules.
622 4159 692 4211 Mox
710 4156 783 4229 quod
803 4162 941 4229 sequitur,
967 4158 1028 4209 Nec
1047 4157 1114 4210 milti
1133 4159 1248 4210 Iunonis
1267 4167 1362 4210 terror
1379 4162 1548 4229 implacabi-

230 4239 282 4301 lis,
302 4241 347 4289 vir
366 4234 494 4305 intellego
515 4234 593 4287 illum
612 4244 750 4286 terrorem
768 4232 978 4305 implacabilem.
1018 4233 1210 4287 Coniioiebam
1230 4234 1386 4297 Furtvom
1411 4250 1495 4301 nam,
1516 4252 1547 4290 ut
1655 4253 1656 4279 l

229 4312 331 4369 Noster
350 4310 384 4362 de
403 4310 538 4375 Oratore,
557 4313 606 4377 [1,
628 4308 686 4381 51.]
706 4308 858 4360 Iracundia
877 4317 919 4360 esi
929 4307 1040 4378 fervor
1057 4309 1169 4380 quidam
1188 4314 1296 4369 mentis,
1535 4348 1540 4357 .

305 4384 396 4440 lbid.
423 4386 564 4455 Quantum
589 4402 645 4435 una
668 4400 767 4435 vecors
786 4384 875 4436 Oenei
902 4399 985 4455 partu
1010 4382 1099 4452 ebra]
1127 4382 1239 4437 Erudite
1264 4389 1373 4441 conaris
1401 4380 1545 4438 defendere

227 4470 343 4534 partum
362 4459 448 4512 Oenei
467 4479 500 4513 ex
519 4464 647 4513 Graecis:
673 4459 880 4512 Brouckhusius
899 4472 996 4509 contra
1016 4462 1056 4510 vir
1075 4459 1291 4535 elegantissimus
1311 4480 1345 4513 ex
1363 4459 1491 4524 Latinis,
1512 4460 1545 4513 ad

229 4539 405 4609 Propertium
425 4555 452 4607 p·
473 4539 536 4595 585.
561 4534 608 4587 sed
634 4550 729 4586 neuter
754 4538 875 4586 vestrum
901 4537 1014 4584 unicum
1043 4534 1197 4606 exemplum
1224 4554 1257 4588 ex
1282 4537 1383 4588 Latino
1408 4551 1543 4607 quoquam

231 4618 366 4686 scriptore
386 4610 512 4670 adducit.
542 4608 588 4662 ubi
604 4617 707 4681 partus
725 4607 757 4660 de
778 4609 901 4662 masculo
921 4605 1032 4660 dicitur.
1077 4608 1171 4680 Neque
1195 4626 1260 4665 saue
1285 4617 1403 4665 mirum:
1432 4624 1543 4665 namet

231 4688 280 4742 hic
298 4693 357 4761 ipse
375 4686 454 4739 locus
475 4684 620 4737 mendosus
640 4680 700 4748 est'‚
721 4688 761 4736 sic
779 4683 831 4736 leri
853 4700 937 4735 manu
955 4681 1106 4737 sanandus:

455 4760 596 4829 Quantum
614 4777 669 4810 una
686 4776 785 4811 vecors
803 4759 899 4813 Oeneo
919 4773 995 4829 patre
1014 4758 1091 4810 edita
1110 4791 1129 4804 -

229 4837 395 4894 Emendatio
414 4852 443 4891 ss
464 4840 522 4910 ipsa
540 4835 655 4911 probat,
678 4853 766 4906 neque
786 4836 917 4910 exemplis
938 4850 1006 4907 opus
1025 4849 1075 4890 est.
