3384 5359
233 352 295 416 sii

308 491 381 547 Lib.
402 499 427 550 1.
453 494 477 561 5.
495 497 542 553 60.
567 512 635 566 qrsae
655 493 763 560 sitstla
779 497 840 559 vis,
866 500 895 544 et
912 490 984 543 unde
1002 496 1056 559 sie,
1082 497 1135 560 (sic
1155 490 1219 558 1111)
1238 490 1449 559 intelligendum
1464 487 1557 563 puto]

229 569 356 622 fortasse
376 568 566 642 coniungenda
593 586 634 622 est
661 584 775 640 utraque
803 569 903 621 lectio:
935 576 964 618 es
990 568 1062 618 rende
1087 573 1141 633 sit,
1173 571 1214 618 sie
1237 565 1448 634 intelligendum
1469 574 1555 635 puto.

231 641 315 697 Vides
334 648 373 695 sit
392 648 421 697 in
440 661 507 697 mox
524 662 598 716 seqq.
618 643 711 698 eidem
731 650 839 699 ratione
856 647 960 718 repeti:
992 642 1059 714 quid
1083 649 1123 695 sit
1146 641 1197 693 Iros
1217 673 1235 685 -
1254 642 1332 713 qttale
1360 646 1400 692 sis
1418 671 1438 709 7·
1456 659 1557 712 quars-

230 725 290 772 tum
303 723 355 771 sis.
1458 732 1468 755 t

307 792 381 846 Lib.
401 798 427 850 1.
447 794 470 862 5.
492 798 536 851 71.
555 812 605 844 nec
623 797 739 845 interire
757 792 862 866 igitur]
893 791 968 849 Alii:
999 810 1034 842 ne
1052 797 1103 845 t'rtt.
1124 789 1174 845 cfr.
1195 790 1340 845 Gernltard
1360 788 1394 843 ad
1414 789 1557 863 Catonem

230 886 248 942 P
307 942 423 1011 Lib.1.
443 940 467 1010 5.
489 943 533 1000 76.
560 949 590 991 ut
609 959 711 992 verear
729 973 749 985 -
768 974 786 985 -
801 943 910 1016 potirer]
931 942 1069 995 Servatam
1090 957 1105 991 a
1125 958 1169 992 me
1183 938 1251 993 edd.
1270 940 1421 992 lectionem
1443 944 1481 993 ita
1501 936 1554 990 de-

229 1014 305 1071 fendi
326 1018 424 1071 debere
445 1018 574 1081 arbitror,
594 1035 634 1081 ut,
656 1023 769 1071 remotis
790 1021 1008 1071 constructionis
1030 1016 1249 1089 impedimentis,
1269 1021 1297 1067 in
1317 1034 1345 1068 re
1355 1023 1419 1068 ¹'taran
1438 1028 1553 1068 contro-

210 1112 307 1149 tressa
327 1093 456 1145 correulto
477 1089 593 1144 fortasse
614 1108 628 1143 a
649 1092 743 1145 Tullio
762 1098 914 1164 quaesitis,
935 1108 1029 1144 sensus
1051 1094 1095 1144 hic
1115 1096 1166 1144 sit:
1196 1108 1254 1158 „ut
1275 1107 1418 1154 censeam,
1441 1091 1550 1142 homiui

230 1169 302 1221 nihil
322 1165 395 1220 aliud
415 1168 597 1220 essebonum
619 1173 720 1240 potius,
740 1166 851 1241 (adieci.
866 1174 885 1222 i.
899 1186 923 1221 e.
943 1166 1150 1240 praestantius),
1171 1183 1245 1231 certe
1265 1165 1336 1218 nihil
1349 1165 1421 1218 aliud
1436 1163 1549 1238 (acque)

229 1263 285 1296 non
307 1275 325 1286 -
344 1243 481 1295 molum.''
501 1240 581 1315 (dass
599 1243 642 1294 sch
661 1243 755 1309 denlre,
776 1243 867 1295 nicdts
884 1262 936 1315 sey
946 1241 1006 1313 frit·
1025 1241 1079 1292 den
1091 1240 1244 1294 Memelrert
1260 1247 1306 1292 ein
1325 1242 1548 1308 grosseresGut,

230 1324 399 1385 reenigstens
417 1316 508 1369 nicltts
524 1336 575 1389 sey
586 1317 644 1389 fiir
663 1317 712 1369 ibn
732 1318 886 1387 gleielsselsr
905 1321 969 1368 lreirt
990 1317 1094 1390 Urbel.)
1133 1317 1221 1369 Verba
1242 1323 1300 1389 ipsa
1321 1333 1378 1369 tam
1398 1314 1548 1368 artificiose

229 1392 401 1446 conformata
420 1408 500 1458 utut,
527 1397 583 1446 sive
604 1396 695 1467 potius
715 1394 875 1467 implicata,
896 1409 926 1446 ut
946 1398 990 1445 vix
1010 1392 1164 1463 intelligas,
1186 1390 1341 1462 quomodo,
1362 1397 1385 1444 si
1406 1406 1470 1444 sana
1491 1406 1549 1441 non

229 1475 302 1533 sint,
322 1467 391 1521 Cdd.
413 1485 507 1520 omnes
529 1473 558 1521 in
578 1468 728 1522 eorundem
748 1462 844 1522 ordine
865 1474 1033 1541 conspirent.
1071 1469 1129 1520 Nec
1150 1482 1213 1519 vero
1227 1487 1250 1520 v.
1259 1474 1353 1540 potius
1366 1483 1430 1519 eum
1447 1466 1548 1518 Rathio

249 1561 280 1596 ro
299 1543 382 1614 gloss.
402 1545 497 1598 haberi
518 1560 617 1612 potest.
666 1544 850 1617 interpolator
869 1561 943 1597 certe
963 1541 993 1596 id
1013 1541 1174 1595 collocasset
1194 1559 1256 1616 post
1276 1562 1300 1595 v.
1320 1543 1377 1596 sed.
1416 1542 1547 1594 Ceterum

228 1562 387 1691 {loningen
405 1617 425 1674 (ἰ
441 1635 455 1670 a
474 1618 792 1691 WolhoSrbuetaioque
812 1635 938 1691 recepto,
960 1635 974 1669 a
995 1622 1097 1670 nostris
1118 1634 1209 1670 autern
1231 1620 1382 1690 typothetis
1403 1635 1463 1686 curn
1477 1613 1547 1668 Cdd.

228 1693 349 1747 lectione
369 1692 480 1747 confusa
502 1695 569 1747 haec
589 1711 644 1748 est:
673 1712 707 1745 ne
726 1694 830 1755 Ιιοιηίῃί
849 1694 921 1746 nihil
936 1699 976 1745 sii
993 1712 1050 1744 nort
1068 1694 1171 1745 maltam
1189 1693 1282 1761 alirsd,
1312 1702 1387 1745 certe
1406 1692 1479 1743 nihil
1494 1689 1547 1740 bo-

229 1788 297 1822 num
315 1770 399 1820 adrui
407 1775 510 1840 'troilus⁴
869 1822 872 1826 „

305 1845 378 1897 Lib.
397 1857 420 1901 1.
434 1847 458 1911 5.
472 1852 516 1918 58.
538 1843 640 1905 Carere
661 1849 691 1894 in
704 1846 779 1895 malo
796 1863 852 1896 non
869 1842 985 1915 dieitttr]
1005 1844 1079 1896 liaeo
1095 1858 1187 1915 aperte
1201 1859 1322 1915 pugnare
1336 1841 1463 1895 videntur
1482 1858 1545 1895 cnm

228 1916 386 1995 praecedd„
407 1935 491 1990 quum
512 1934 628 1984 ,onrerc
642 1917 750 1972 dicatur
763 1924 848 1972 etiam
862 1923 891 1972 in
907 1917 976 1971 lebri
987 1924 1018 1983 ⁰,
1038 1918 1067 1971 id
1084 1935 1140 1982 est,
1160 1935 1243 1987 quum
1259 1918 1369 1970 terbum
1384 1917 1412 1969 id
1426 1923 1467 1970 sic
1480 1936 1547 1988 qno-

146 2012 151 2021 ·
229 2014 282 2069 que
302 2011 463 2067 usurpetur,
483 2010 514 2047 ut
534 1992 674 2059 dicamus,
704 2011 809 2060 ,carco
830 1992 925 2069 (vaco,
946 1995 1111 2059 liberaum)
1132 1990 1217 2059 febri,
1237 1982 1324 2061 farne,
1344 1998 1408 2058 siti,
1437 1999 1546 2059 timore,

214 2070 376 2143 cupidine,
397 2069 501 2133 odio'’;
521 2085 589 2139 quae
610 2080 674 2122 sane
695 2070 766 2121 mala
787 2086 859 2125 runt.
898 2070 927 2123 Si
948 2071 1015 2121 haee
1036 2074 1119 2139 igitur
1138 2085 1200 2120 vera
1219 2068 1304 2121 lectio
1324 2086 1380 2134 est,
1401 2084 1470 2140 quae
1490 2068 1546 2139 pla-

230 2151 287 2200 cuit
306 2145 421 2198 librario
435 2146 583 2208 Beruensi,
603 2146 717 2197 Erarmo
731 2162 762 2196 ac
776 2145 899 2208 Wolfio,
918 2145 964 2197 hie
981 2161 1075 2198 sensus
1090 2160 1147 2195 esse
1161 2141 1256 2196 debet:
1278 2143 1349 2209 „sed
1371 2160 1464 2196 tamen
1483 2161 1545 2216 pro·

230 2225 289 2298 pris
309 2236 341 2272 ne
361 2237 435 2273 reete
455 2236 546 2273 carere
568 2225 597 2271 in
616 2220 690 2272 analo
710 2218 764 2272 diei
786 2238 840 2272 non
862 2236 968 2293 potest,
987 2237 1041 2271 non
1063 2224 1136 2271 enim
1157 2218 1185 2270 id
1204 2234 1274 2270 esset
1291 2218 1456 2284 dolendum,
1474 2218 1545 2271 malo

232 2302 358 2349 sarcre.'’
405 2297 466 2349 Fuit
488 2310 595 2361 tannen,
627 2313 712 2366 quum
732 2313 787 2347 non
808 2295 966 2368 displiceret
986 2296 1062 2365 Regii
1082 2293 1180 2345 lectio:
1212 2295 1365 2347 Carereirt
1384 2303 1546 2345 morienna

230 2372 351 2424 dicitur:
377 2369 403 2422 id
424 2384 481 2431 est,
502 2388 583 2423 nemo
603 2368 683 2423 facile
703 2369 803 2423 dixerit
822 2379 912 2422 morte
931 2387 1030 2432 careo,
1051 2385 1083 2420 eo
1103 2374 1164 2441 ipso
1183 2387 1278 2435 sensu,
1300 2387 1353 2440 quo
1374 2374 1465 2421 minus
1485 2384 1545 2441 pro-

231 2453 300 2523 prie,
319 2444 459 2499 intendam
486 2443 622 2498 dicimus:
645 2444 730 2514 fidei
754 2463 853 2507 careo,
884 2452 985 2519 quippe
1012 2461 1096 2514 quum
1122 2461 1196 2497 mors
1217 2463 1250 2495 ne
1271 2462 1304 2496 eo
1330 2444 1440 2516 quidem
1467 2460 1544 2496 sensu

230 2523 334 2575 malurn
348 2525 400 2584 sit,
420 2539 506 2591 neque
522 2526 605 2594 igitur
619 2519 781 2581 dolendum,
804 2537 893 2573 morte
907 2540 962 2573 non
977 2536 1084 2583 carere,
1105 2532 1135 2570 nt
1149 2518 1218 2571 febri
1234 2537 1287 2572 non
1302 2536 1402 2573 carere.
1437 2519 1543 2587 (Morte

230 2606 357 2655 carentes
369 2596 447 2646 Deos
466 2593 534 2647 dixit
557 2612 648 2646 tamen
664 2599 813 2662 Horatius.)
828 2632 841 2655 .
853 2594 906 2649 sed
925 2610 1045 2668 praestat
1066 2593 1149 2645 altera
1170 2599 1250 2647 ratio.
1289 2595 1436 2666 Sequentia
1457 2609 1544 2647 autern

231 2691 285 2743 quo
305 2669 458 2722 faciliorem
478 2670 649 2723 intellectum
672 2670 806 2736 habeant,
838 2677 877 2724 ita
902 2669 1057 2742 distingue:
1089 2669 1192 2719 dieitur
1217 2669 1304 2735 illud,
1335 2669 1410 2722 bono
1438 2686 1542 2731 carere,

230 2745 304 2819 quod
321 2754 364 2795 est
382 2745 493 2797 melum.
540 2747 622 2799 Recte
642 2744 762 2799 Kernius
781 2751 878 2802 vertit:
911 2747 987 2800 Das
1012 2752 1082 2813 sagi
1100 2746 1186 2795 mand
1217 2750 1262 2797 ein
1283 2750 1339 2800 Gnt
1358 2749 1508 2798 vermissen
1526 2771 1543 2785 -

219 2821 290 2889 ‚und
306 2819 380 2871 disse
399 2824 437 2870 ist
456 2826 500 2871 sin
521 2821 612 2873 Uedel.

172 2956 179 2969 Ι
306 2896 379 2949 Lib.
401 2904 426 2952 1.
445 2897 469 2962 5.
489 2899 533 2955 93.
561 2894 694 2949 Nondum
712 2905 896 2965 grassaverat,
916 2894 1017 2967 inquit]
1044 2893 1113 2948 Alii:
1139 2898 1273 2964 inpedient.
1310 2893 1379 2948 Vide
1399 2892 1433 2947 de
1453 2911 1544 2968 perps-

217 2985 279 3026 xtuo
299 2972 351 3026 hoc
374 2974 505 3024 varietate
526 2969 670 3024 Gcrhhard
691 2970 724 3022 nd
746 2972 878 3024 Catonem
899 2990 924 3042 p.
946 2977 1008 3028 320.

307 3044 380 3098 Lib.
404 3053 428 3104 1.
448 3047 471 3112 5.
495 3051 555 3105 103.
584 3051 637 3096 mei
656 3045 828 3118 radichisum]
858 3051 968 3097 meimet
988 3047 1148 3097 relicturum
1174 3062 1188 3096 e
1213 3049 1335 3118 vestigiis
1356 3043 1425 3098 Cdd.
1445 3043 1543 3116 aliquoi

232 3120 330 3175 scribit
351 3121 476 3173 Goerenz
497 3120 633 3195 Legep.
657 3131 699 3179 11.
738 3120 792 3176 Sed
811 3127 971 3195 saepissime
991 3127 1106 3195 vestigia
1126 3119 1189 3187 illa,
1216 3137 1284 3194 quae
1304 3120 1389 3188 dicit,
1413 3120 1544 3172 librorum

234 3197 303 3249 Mss.
324 3195 439 3248 cundem
459 3201 528 3249 mire
541 3192 723 3269 deceperunt.
1463 3246 1469 3253 .

310 3270 382 3323 Lib.
404 3280 430 3327 1.
451 3273 474 3339 5.
496 3274 558 3329 116.
580 3270 755 3344 Aristoglto]
775 3270 821 3326 sie
839 3275 954 3345 scrIpti,
975 3287 1005 3325 ut
1020 3271 1095 3337 Bito,
1117 3277 1302 3342 Agnnremno,
1325 3269 1417 3323 Plato.
1455 3270 1544 3324 Ceteri
1585 3332 1588 3337 Ι

233 3347 422 3413 Aristogiton.

309 3419 392 3472 Lib.
414 3427 441 3476 2.
468 3421 490 3487 5.
511 3424 537 3480 5.
563 3419 738 3493 philosophia
756 3429 891 3472 nascatur
911 3420 1022 3474 Latinis
1040 3421 1146 3492 quidem
1166 3420 1269 3492 literis]
1301 3422 1394 3488 Quum
1412 3419 1542 3493 plerique,

166 3496 180 3517 ⁶
231 3512 262 3549 ot
281 3495 404 3551 Woliiur
426 3500 453 3548 in
474 3495 725 3564 Praelseiionibus,
746 3496 830 3550 serbo
853 3505 987 3547 nascatur
1007 3501 1162 3569 imperativi
1182 3513 1292 3550 sensum
1312 3497 1476 3561 tribuerint,
1505 3500 1543 3544 sie

232 3589 316 3639 mag,
337 3570 391 3620 soll
407 3588 465 3621 mm
483 3571 643 3623 entsteden!
663 3590 718 3625 non
738 3578 798 3625 sine
818 3587 897 3624 eausa
918 3575 947 3623 in
967 3589 1000 3624 eo
1020 3573 1133 3625 offendit
1149 3572 1295 3636 Bentleius,
1315 3570 1430 3642 ideoque
1449 3575 1543 3621 nasei-

138 3672 142 3677 ·
233 3654 280 3698 tur
299 3648 435 3699 coniecit:
468 3664 518 3716 ego
539 3664 602 3698 vero
622 3648 675 3698 hoe
696 3665 745 3720 pro
765 3664 829 3700 vero
849 3652 1026 3700 coniunctito
1052 3648 1155 3713 habeo,
1188 3652 1233 3718 qui
1261 3665 1310 3719 per
1329 3646 1545 3703 ἀνακόλουθον

233 3720 350 3795 pendeat
371 3735 386 3772 a
405 3719 584 3792 praecedente
605 3726 721 3787 retiam,
742 3726 818 3793 quasi
838 3726 879 3773 sic
899 3737 985 3774 esset:
1007 3725 1118 3794 ,Atque
1139 3739 1279 3776 oratorum
1299 3719 1408 3792 quidem
1429 3719 1487 3771 laus
1507 3724 1543 3771 ita
1609 3752 1611 3755 -

233 3801 308 3850 venit
329 3795 538 3865 adsummum,
559 3813 588 3850 ut
609 3801 662 3849 iam
682 3813 820 3861 senescat,
841 3796 969 3868 brevique
992 3814 1112 3871 ternpore
1132 3796 1164 3848 ad
1185 3798 1302 3851 nihilum
1323 3811 1435 3847 ventura
1457 3793 1545 3847 videa·

232 3887 289 3926 tur:
323 3886 420 3923 contra
441 3871 486 3934 lit,
507 3887 536 3923 ut
556 3871 652 3924 eodem
674 3887 795 3946 ternpore
815 3871 989 3945 philosophia
1009 3888 1137 3926 nascatur
1156 3879 1227 3925 εει.»
1265 3870 1436 3924 Exhortaudi
1457 3883 1545 3921 autem

233 3946 400 4020 significatus
430 3950 520 3999 inesse
545 3944 655 3999 denium
675 3951 703 3999 iu
723 3965 797 4020 seqq.
824 3952 913 3999 verbis
933 3948 1110 4012 adirsveimrs,
1136 3954 1282 4020 potiamur
1303 3947 1418 3999 videtur.
1468 3940 1546 4013 Quod
1661 3994 1662 4011 ,

233 4028 257 4076 si
278 4021 382 4095 placet,
403 4018 540 4091 distingue
560 4028 668 4094 potius:
688 4023 833 4087 videatur,
856 4022 1032 4095 philosophia
1050 4033 1184 4075 nascatur
1203 4023 1315 4075 Latt‘nt's
1333 4022 1439 4093 quidem
1459 4023 1547 4070 literis
1616 4046 1618 4053 ι
1661 4038 1662 4053 ¹

233 4116 270 4149 ex
289 4096 333 4146 lu's
352 4096 536 4166 temporibus5
556 4116 667 4168 eamque
687 4115 739 4149 nos
758 4114 810 4150 eet.

307 4171 413 4225 Lib.2
443 4174 466 4239 5.
487 4177 531 4239 53.
551 4171 598 4221 udi
617 4181 728 4224 tantiam
746 4174 834 4224 lareriis
853 4173 1057 4247 coattestantur-,J
1077 4182 1188 4226 tantiam
1200 4174 1289 4225 lustris
1301 4175 1329 4226 b.
1342 4173 1361 4226 1.
1375 4170 1480 4225 dictum
1499 4185 1547 4236 est,
1576 4202 1578 4205 ·

235 4262 265 4301 ut
284 4254 395 4298 tantiam
414 4251 525 4297 itineris
545 4246 615 4319 apud
635 4249 760 4301 Tacitum
782 4250 871 4317 Agris
902 4256 989 4309 (1.55.

311 4322 383 4373 Lib.
405 4328 429 4375 9.
449 4323 472 4388 5
496 4325 538 4381 15.
558 4327 687 4392 perentam
707 4343 724 4374 a
743 4329 816 4375 viris
833 4330 927 4374 virtus
945 4343 1045 4375 nornen
1063 4334 1107 4376 esi
1125 4325 1274 4396 misitania]
1294 4326 1368 4377 Haec
1387 4324 1439 4374 etsi
1460 4325 1545 4373 otiosa

234 4396 376 4462 videntur,
398 4403 442 4448 vix
462 4414 573 4469 possum
592 4397 708 4466 adduci,
726 4415 757 4453 ut
776 4416 826 4472 pro
847 4402 930 4471 gloss.
949 4399 1074 4454 habeam.
1112 4401 1202 4455 Nimis
1215 4399 1322 4471 elegans
1335 4414 1376 4450 est
1391 4398 1446 4450 hoc
1460 4401 1546 4469 iprum

234 4473 347 4527 verbum
368 4480 504 4524 metinates.
1196 4526 1198 4529 ,

261 4550 270 4563 ’
311 4547 384 4600 Lib.
399 4555 425 4604 2.
445 4548 468 4615 5·
485 4551 527 4606 11.
547 4547 633 4610 idem,
654 4552 701 4619 qui
713 4546 835 4600 dolorem
848 4562 981 4602 saonensem
995 4549 1119 4623 malum]
1140 4552 1219 4603 Hane
1233 4552 1478 4621 interrogationem
1489 4561 1545 4598 esse

235 4622 383 4679 censebant
405 4627 531 4677 Davisius
550 4640 578 4675 et
597 4623 728 4680 Wollins.
768 4623 858 4695 Magis
879 4621 946 4677 mihi
967 4625 1055 4698 placer
1076 4623 1234 4678 affirmatio.
1288 4619 1309 4630 ”

309 4697 383 4751 Lib.
397 4705 424 4754 2.
438 4700 462 4764 5.
477 4701 519 4755 111.
540 4698 627 4770 Saepe
647 4704 718 4750 enim
736 4697 877 4761 videmur,
890 4698 1011 4770 fractos
1019 4700 1142 4771 paedore,
1163 4706 1209 4769 qni
1226 4703 1336 4750 ratt‘one
1348 4698 1433 4747 'niella
1450 4700 1545 4749 νῖκαι·

234 4774 356 4846 πεπτω]
376 4773 519 4828 Generalis
542 4774 608 4825 hace
628 4771 708 4827 debet
729 4791 787 4826 esse
805 4780 957 4837 sententia,
977 4793 1033 4827 uon
1048 4780 1180 4828 historica
1195 4772 1398 4845 quodammodo
1413 4774 1544 4828 narratitn

185 4858 190 4863 '
235 4858 322 4921 neque
341 4847 458 4922 impedit
470 4846 592 4918 fractos
610 4847 721 4913 dolore,
744 4849 812 4905 uhi.
824 4856 1008 4902 recentiorum
1029 4851 1151 4921 plerique
1170 4850 1302 4902 dixissent
1313 4853 1427 4918 ‘fraisai
1443 4841 1545 4914 dolore)

235 4943 289 4997 quo
309 4931 400 4978 minus
422 4929 450 4977 in
470 4926 533 4977 loco
554 4929 696 4977 communi
717 4942 790 4980 recte
816 4942 845 4977 ss
873 4926 970 4978 babeat
996 4944 1123 4999 praesens
1152 4942 1269 5003 tempos.
1314 4926 1454 4994 Quocirca
1473 4918 1545 4973 nolui

1625 628 1638 655 Χ
