3384 5359
181 311 187 342 ’
237 323 300 394 270
538 341 541 346 ’
664 328 892 393 BENTLEII
914 328 1129 393 EMENDD.

239 461 347 525 versum
371 468 461 524 turbat
485 474 714 524 auertendam:
743 469 791 541 qui
810 467 887 523 'enim
908 472 983 522 acris
1004 473 1095 533 acies,
1118 484 1187 541 quae
1209 472 1264 523 ium
1288 429 1427 521 inebnota
1450 483 1479 522 et
1506 467 1574 521 loco

238 546 316 619 pulsa
338 544 431 618 fugam
450 545 629 619 capessebat?
655 546 785 600 Ceterum
803 561 873 615 quae
893 543 926 596 ad
948 546 1022 620 lqunc
1040 544 1135 616 locum
1156 549 1301 608 annotavi,
1324 545 1431 617 reliqna
1452 543 1574 615 quidem

239 639 290 697 pro
311 626 413 687 uertit,
437 620 554 674 Laberis
574 636 668 675 autern
690 634 717 674 et
733 619 816 684 ,Tace
840 637 889 693 pro
910 618 1130 672 divinationibus
1155 615 1263 673 sanium
1287 620 1383 673 haberi
1401 620 1499 674 velim.

277 727 281 732 v
311 698 390 752 Cae.
411 697 500 751 XVII.
526 696 591 766 Ego
606 695 678 748 titud
689 694 822 767 quidquid
834 700 874 745 sit
890 702 999 746 tanturm
1015 713 1074 746 esse
1090 703 1224 765 qtsontnm
1239 694 1385 761 videatur,
1406 712 1464 746 non
1475 703 1575 767 pisto:

230 768 370 844 falsaque
387 776 447 822 eius
461 776 569 822 visione
587 778 615 822 et
633 775 722 843 specie
739 775 848 822 moveri
864 768 988 821 homines
1003 770 1065 821 dico
1080 768 1288 831 vehementittst
1313 769 1489 841 doloremque
1508 776 1574 822 eius

239 864 346 899 omnem
365 864 424 898 esse
445 845 632 914 tolerabilem]
659 844 751 915 Quid,
775 846 891 909 amabo,
913 862 955 897 est
975 846 1098 896 dolorem
1118 847 1197 896 eius?
1220 863 1319 918 nempe
1340 844 1463 899 dolorem
1487 843 1577 897 dolo-

240 926 288 975 tis.
326 921 409 990 Quod
428 939 513 992 quum
532 920 757 973 absurdissimum
778 925 832 992 sit„
858 922 1001 974 Manutius
1022 936 1049 973 et
1068 919 1219 973 Lambinus
1239 920 1384 986 dederunt,
1406 922 1574 972 Dolorem-

238 1015 288 1070 que
310 997 368 1049 Eis
391 1014 499 1048 omium
520 1014 578 1047 esse
602 997 784 1068 tolerabilem.
830 1001 913 1066 Atqui
945 996 1014 1058 boc,
1041 1011 1071 1047 ut
1095 995 1310 1050 clementissime
1335 994 1444 1060 dicam,
1468 1013 1576 1064 snper-

240 1089 356 1125 vacnutn
378 1087 428 1124 cst.
469 1073 609 1140 Quorsum
628 1075 702 1123 enim
723 1072 784 1123 eis?
805 1070 946 1124 Nimirum
965 1070 1112 1126 terendum
1129 1087 1204 1136 erat,
1223 1091 1258 1125 ne
1274 1090 1330 1124 non
1346 1070 1379 1123 de
1397 1069 1575 1136 hommem,

239 1146 286 1201 sed
307 1145 339 1198 de
358 1143 453 1199 bestiis
473 1144 549 1217 loqui
577 1144 723 1199 videretur.
762 1146 805 1199 Tu
827 1165 861 1198 ex
884 1144 982 1200 codice
1006 1144 1143 1199 lutulento
1166 1146 1321 1219 nulliusque
1341 1151 1421 1220 pretii
1442 1152 1573 1218 reponis,

238 1223 424 1293 Doloremqtte
443 1220 633 1275 EIUSMODI
652 1239 768 1273 omnem.
809 1219 934 1273 Obsecro
955 1236 981 1274 te
1001 1221 1177 1275 cuiusmodi?
1203 1226 1226 1275 si
1247 1221 1358 1294 quidem
1378 1235 1433 1274 uon
1455 1222 1490 1273 de
1513 1223 1573 1273 boc

238 1298 280 1350 vel
301 1297 365 1361 illo,
390 1294 438 1349 sed
464 1292 498 1348 de
523 1295 686 1349 omnimodo
712 1296 806 1349 dolore
830 1296 876 1349 hic
900 1301 966 1369 agit.
1005 1295 1073 1348 Vide
1093 1301 1192 1369 igitur,
1224 1312 1259 1350 an
1280 1315 1332 1350 nos
1359 1301 1461 1348 rectius
1484 1295 1574 1348 colli·

238 1388 368 1425 noemtrs:
400 1371 463 1444 lego
489 1375 581 1437 enim,
613 1371 700 1422 Falsa
732 1376 790 1422 eins
813 1377 903 1432 specie
929 1377 1038 1423 moueri
1061 1369 1186 1430 homines
1387 1372 1572 1440 doloremque

239 1446 357 1517 REBUS
382 1463 490 1500 omnem
505 1464 565 1497 esse
583 1446 766 1499 tolerabilem.
805 1447 942 1519 Opposita
962 1448 1008 1500 bie
1030 1463 1094 1500 sunt
1108 1446 1195 1518 falsa
1211 1452 1300 1518 specie
1320 1462 1347 1499 et
1366 1447 1465 1505 rebusr
1490 1444 1572 1516 qnod

240 1522 353 1596 perinde
373 1538 428 1590 ιιι,
460 1526 539 1574 acsi
563 1539 700 1588 revera,
733 1539 764 1573 re
787 1526 850 1594 ipsa
872 1520 997 1575 dixisset.
1041 1521 1115 1593 Ergo
1139 1527 1276 1575 sententia
1300 1527 1404 1595 optima
1425 1526 1572 1584 nascitur;

238 1599 318 1654 Falsa
336 1600 378 1651 sni
398 1601 490 1670 specie
509 1597 704 1669 perterrefacit·
719 1594 816 1662 dolor,
840 1615 869 1649 te
889 1613 951 1650 vert
971 1612 1013 1649 est
1033 1589 1196 1651 tolerabilis.
1237 1599 1324 1651 Porro
1343 1596 1376 1650 de
1392 1596 1483 1649 Rebus
1499 1613 1574 1649 con·

239 1672 298 1727 suls
320 1677 512 1726 acutissimum
533 1674 706 1727 Gronovlum
728 1688 851 1744 patrem,
873 1671 1025 1727 observat.
1045 1673 1105 1737 lli,
1127 1675 1165 1730 6.-

314 1747 393 1801 Ωιι.
415 1749 518 1801 xviii.
544 1746 601 1798 Sed
620 1745 701 1799 homo
722 1762 820 1800 cautus
840 1745 1005 1821 (Epicurus)
1023 1766 1162 1818 unusquam
1187 1751 1325 1798 terminat
1344 1764 1394 1798 nec
1414 1751 1573 1815 magnitu-

239 1820 330 1887 dinis,
356 1840 407 1874 stec
429 1821 627 1873 diuttmrtitatis
651 1821 773 1890 modum]
801 1822 953 1876 Lambinus
979 1823 1146 1895 reponebat,
1173 1821 1254 1874 homo
1274 1822 1393 1876 CATUS
1419 1840 1453 1874 ex
1471 1822 1572 1875 Nonio

239 1896 392 1963 Marcello,
420 1901 520 1967 qul‘in
543 1913 609 1949 voce
632 1897 831 1950 Catusiacum
856 1898 931 1949 bunc
949 1896 1070 1953 adducit.
1109 1903 1144 1952 At
1163 1896 1252 1950 bonus
1269 1894 1431 1951 Gebhardue
1453 1913 1573 1969 propter

240 1972 336 2026 odium
355 1971 484 2025 Lambini
504 1975 587 2024 etiam
607 1972 728 2025 Nonium
748 1977 840 2046 ipsum
861 1977 979 2045 sprevit,
1003 1990 1092 2044 neque
1115 1978 1256 2025 mentione
1274 1973 1402 2044 dignatus
1421 1986 1472 2025 est.
1515 1972 1573 2025 Sed

239 2046 382 2122 profecto,
408 2052 431 2099 si
451 2065 545 2099 verum
569 2051 744 2118 quaerimus,
767 2066 824 2101 nort
846 2052 990 2114 cutttiorse,
1012 2047 1061 2101 sed
1089 2047 1201 2100 solertia
1224 2062 1250 2099 et
1273 2052 1402 2100 acumine
1424 2048 1473 2100 bic
1494 2063 1571 2121 opus

239 2137 307 2179 erat.
345 2124 389 2177 Tu
408 2137 517 2188 tamen,
539 2120 613 2193 quod
631 2123 754 2188 nollem,
779 2138 821 2176 tot
844 2122 1021 2176 librariorum
1042 2124 1121 2176 turba
1143 2126 1322 2195 perterritus,
1344 2121 1468 2175 defendis
1489 2139 1572 2176 rece·

238 2215 314 2273 ptam
331 2197 496 2264 lectionem,
515 2215 548 2250 eo
566 2203 728 2269 praesertim
746 2203 877 2263 nomine,
897 2196 970 2269 qnod
987 2206 1085 2250 cautus
1102 2195 1186 2252 etiam
1202 2206 1314 2250 scutram
1330 2196 1450 2251 deuoret.
1485 2196 1571 2252 Unde

240 2292 304 2328 vero
326 2292 384 2326 rem
404 2288 458 2325 tam
479 2278 580 2324 miram
599 2289 650 2325 nos
669 2270 801 2326 docebis?
825 2273 868 2325 Et
888 2276 991 2326 Sancto
1012 2275 1166 2345 Augustino
1187 2272 1221 2324 de
1241 2275 1364 2326 Ciuitate
1381 2273 1439 2325 Dei
1456 2272 1503 2338 lv,
1522 2279 1570 2329 21.

238 2349 295 2402 Sed
316 2354 343 2400 si
363 2331 475 2415 virttis,
501 2353 555 2413 ait,
582 2353 714 2419 nonnisi
732 2347 772 2399 ad
791 2352 967 2417 ingeniosum
990 2357 1087 2420 posset
1106 2354 1220 2417 ventre,
1247 2348 1315 2419 pisid
1337 2365 1407 2419 opus
1427 2355 1492 2398 erut
1509 2347 1567 2399 deo

238 2425 339 2477 Cautio
359 2432 460 2496 patre,
482 2427 529 2494 qui
549 2437 660 2489 cautos,
681 2423 714 2474 id
733 2430 776 2475 est
797 2432 905 2487 mutos,
921 2421 1050 2495 faceret,
1074 2441 1156 2492 qesttm
1174 2423 1226 2475 hoc
1240 2431 1337 2496 posset
1356 2421 1490 2492 conferre
1508 2422 1570 2474 Fe-

238 2500 355 2552 licitas?
382 2503 467 2570 Atqui
486 2498 539 2551 hoc
560 2502 621 2570 ipso
640 2498 704 2552 loco
723 2496 916 2571 corrigendum
937 2513 996 2564 est,
1018 2498 1135 2554 catio
1151 2508 1251 2570 patre,
1270 2514 1296 2552 ιι
1314 2503 1360 2570 qui
1375 2497 1514 2562 CATOS,
1537 2498 1571 2549 tt

238 2584 282 2625 est
299 2581 415 2639 acutos,
428 2572 565 2644 faceret:
585 2591 673 2643 neque
693 2572 773 2626 aliter
792 2578 821 2626 in
841 2571 941 2646 priscis
961 2572 1129 2627 editionibus
1147 2589 1252 2627 exstare
1269 2571 1444 2629 crediderim.
1482 2573 1570 2626 Certe

238 2654 278 2703 ita
299 2649 396 2702 locum
418 2645 511 2701 laudat
534 2646 712 2702 doctissimus
735 2646 874 2721 Gyrsldus
899 2654 929 2701 in
951 2649 1091 2702 Historiae
1116 2651 1235 2702 Deorum
1257 2665 1444 2722 syntagmate:
1472 2662 1500 2700 et
1522 2666 1571 2700 ιι-

238 2740 300 2777 ram
323 2724 396 2777 hanc
415 2740 474 2777 esse
494 2721 646 2776 lectionem
668 2729 746 2776 testis
765 2727 826 2777 crit'
839 2723 1093 2794 ἀξιοπιστότατος
1109 2724 1196 2777 Varro
1215 2719 1248 2777 de
1265 2715 1344 2795 Liu'g.
1362 2726 1422 2777 Lat.
1440 2721 1506 2776 Lib:
1517 2723 1569 2777 vi.

240 2800 332 2866 Cata,
352 2801 459 2870 lnquit,
477 2807 580 2850 acttta:
601 2797 653 2851 boc
670 2805 743 2851 enim
758 2798 844 2850 verbo
861 2798 958 2850 Sabini
973 2799 1079 2853 dicunt.
1116 2799 1226 2868 Quare,
1246 2814 1324 2853 catus
1340 2799 1433 2855 Aelius
1450 2798 1570 2859 Seston

238 2893 312 2944 nort,
336 2882 367 2926 nt
384 2877 483 2939 attint,
503 2878 631 2943 sopiens,
654 2875 705 2925 sed
711 2863 841 2936 ‘acutum
871 2882 900 2925 et
920 2873 994 2944 quod
1011 2882 1069 2940 est,
1092 2876 1172 2927 Tunc
1192 2879 1285 2947 coepit
1305 2889 1459 2928 memorare
1481 2873 1569 2926 simut

239 2966 302 3005 cata
324 2948 416 3015 dicta,
440 2948 601 3020 accipienda
623 2956 708 3001 actrta
726 2948 812 3004 dieta.
852 2948 961 3002 Satisne
985 2953 1041 3003 iam
1064 2966 1172 3003 constat
1195 2968 1252 3002 non
1273 2957 1386 3002 miserm
1408 2947 1569 3020 significare

239 3037 369 3089 acutum,
392 3021 439 3078 sed
460 3024 576 3076 emtum?
600 3022 790 3091 Quamobrem
809 3024 1005 3078 anthiocum
1023 3027 1116 3079 Nonio
1134 3024 1281 3097 legendum
1301 3025 1382 3077 homo
1400 3032 1496 3089 cattis,
1517 3038 1569 3077 aut

239 3100 314 3173 qnod
343 3097 443 3154 iisdem
472 3097 554 3172 plene
583 3097 688 3166 literis,
720 3096 820 3171 quibus
849 3107 964 3168 canctus,
993 3098 1174 3153 describitur:
1203 3101 1294 3152 Homo
1318 3108 1425 3152 acuties.
1469 3099 1569 3170 Neque

239 3176 322 3230 aliter
347 3175 521 3229 statuendum
554 3172 587 3226 de
615 3173 679 3228 loco
702 3172 835 3230 Academ.
858 3174 902 3242 ΙΙ,
925 3178 988 3240 5οη
1015 3174 1063 3228 ubi
1093 3173 1126 3228 de
1158 3174 1257 3228 eodem
1283 3175 1405 3248 Epicuro
1432 3175 1569 3246 loquitur,

241 3250 317 3306 Vide
338 3269 420 3323 quam
444 3254 484 3301 sit
503 3247 651 3304 CAUTUS
676 3253 718 3317 t's,
744 3267 823 3323 quem
841 3249 892 3301 is'ti
911 3248 1024 3301 taedium
1042 3259 1155 3322 putam.
1192 3253 1239 3305 sic
1262 3250 1373 3321 quidem
1397 3249 1463 3303 libri
1485 3248 1567 3314 editt,

241 3341 268 3379 et
294 3331 385 3380 omnis
411 3324 590 3378 librariorum
616 3325 726 3379 cohors.
772 3323 826 3380 set
852 3324 1012 3386 Lambinus⁴
1033 3329 1128 3379 invitis
1157 3324 1212 3378 illis
1236 3324 1351 3379 fidenter
1375 3324 1415 3378 ibi
1442 3323 1569 3398 reposuit

241 3400 375 3460 cetu&
399 3397 518 3464 Ιιιιιιιι,
543 3415 573 3453 ut
596 3400 684 3467 solet,
713 3397 889 3474 obstrepente
912 3399 1044 3456 Grutero.
1088 3397 1163 3470 Quid
1188 3403 1281 3454 enimi
1307 3417 1343 3453 an
1368 3408 1468 3452 omaus
1491 3415 1568 3452 recte

241 3480 392 3548 opponitur
412 3475 517 3527 tardo?
546 3493 631 3547 quum
650 3491 747 3532 contra
767 3480 859 3528 omnis
881 3491 977 3529 cautus
1005 3474 1117 3530 festinet
1138 3474 1229 3543 lente,
1255 3494 1282 3531 et
1306 3493 1340 3530 eo
1362 3480 1424 3550 Ipso
1447 3478 1568 3548 speciem

242 3548 314 3603 tardi
337 3567 402 3622 prae
426 3567 455 3603 se
481 3549 558 3603 ierat.
603 3554 697 3619 Quare
725 3550 773 3603 bic
803 3568 911 3623 quoqne
938 3556 1053 3604 omniuo
1082 3549 1293 3623 corrigendum,
1320 3567 1367 3604 ant
1392 3559 1488 3610 cattis,
1518 3564 1569 3604 ant

242 3634 351 3678 ceruus.
390 3624 436 3679 Sic
454 3630 529 3678 enim
552 3625 619 3678 alibi
638 3628 709 3680 solet
727 3626 846 3687 Noster;
874 3641 903 3679 ut
923 3629 963 3680 De
983 3625 1097 3681 Finibus
1116 3627 1144 3692 l,
1163 3627 1191 3683 6.
1228 3626 1339 3679 Deinde
1358 3625 1460 3678 ibidem
1481 3626 1569 3677 horno

242 3717 338 3754 acutus
363 3698 524 3774 (Epicurus)
548 3702 646 3752 attulit
666 3719 725 3753 rem
746 3705 985 3762 commenticiam
1007 3716 1034 3755 et
1057 3702 1100 3768 ΙΙ,
1122 3706 1170 3759 25.
1208 3700 1265 3768 Sed¹
1283 3707 1411 3774 qrtamvis
1431 3706 1518 3753 comis
1535 3705 1569 3754 in

242 3780 377 3828 amicitiis
403 3775 513 3827 tuendis
540 3772 632 3838 fecerit
654 3774 817 3851 (Epicurus)
843 3795 901 3829 nost
925 3783 998 3828 satis
1021 3791 1118 3831 acutus
1162 3779 1212 3830 uit.
1257 3777 1293 3831 Et
1318 3781 1386 3831 item
1409 3773 1443 3829 de
1468 3774 1568 3851 eodem

242 3853 308 3906 Nat.
331 3850 414 3904 Deor.
439 3854 483 3919 ll,
501 3852 547 3908 29.
586 3853 733 3903 Hominem
754 3857 814 3903 sine
833 3860 913 3920 arte,
935 3859 995 3905 sisse
1014 3853 1120 3917 literis,
1140 3851 1321 3904 irtsssltasttem
1340 3857 1370 3902 tn
1386 3843 1487 3903 ¹orttstes
1506 3856 1567 3901 siste

243 3931 371 3980 acumine
391 3927 463 3993 ullo,
478 3931 545 3978 ¹siste
564 3933 749 3994 auctoritate,
770 3932 830 3980 siste
851 3928 954 4000 lepore.
993 3927 1039 3981 sie
1058 3927 1125 3980 alibi
1144 3928 1236 3980 Homo
1255 3933 1354 3981 acitttts
1374 3926 1408 3981 de
1427 3927 1567 4001 Dionysia

244 4016 371 4076 tyranno.
410 4001 475 4056 Nat.
499 4001 583 4056 Deor.
604 4002 663 4069 ΙΙΙ,
687 4006 732 4062 54.
759 4000 793 4054 de
814 4003 985 4070 Hannibale,
1008 4003 1130 4057 Divinas.
1152 4002 1182 4068 Ι,
1206 4008 1253 4063 ti.
1323 4024 1329 4032 ’

319 4077 399 4134 Cur.
417 4077 484 4132 XX.
510 4077 598 4147 Saepe
618 4083 690 4129 enim
709 4074 833 4132 videmus
843 4076 965 4149 fructos
977 4077 1104 4151 pudore,
1127 4083 1173 4150 qui
1191 4084 1302 4133 ratione
1320 4077 1398 4130 nulla
1414 4080 1567 4130 vinceres-

244 4156 304 4221 tur]
332 4153 469 4205 Peccatnr
495 4151 542 4216 hic
564 4155 594 4204 itt
618 4168 774 4226 temporum
797 4157 920 4207 ratione:
951 4170 1017 4207 nam
1043 4158 1084 4206 sic
1105 4158 1202 4224 utique
1223 4152 1372 4207 dicendum
1398 4169 1453 4217 ιιι,
1485 4167 1567 4222 saepe

244 4231 318 4280 enirn
341 4226 464 4280 videmus
477 4223 590 4296 frangi
609 4227 731 4300 pudore,
758 4233 805 4301 qni
825 4234 933 4282 ratione
951 4229 1030 4282 nullo
1051 4234 1211 4281 uincantur.
1250 4231 1343 4299 Quare
1353 4229 1434 4281 ··buic
1457 4233 1567 4280 incom-

244 4300 327 4356 modo
347 4299 547 4354 occurrendum
567 4317 608 4355 ιιι
628 4309 710 4357 unius
726 4303 853 4358 literulae
868 4310 1037 4369 mutatione,
1055 4322 1083 4358 et
1104 4309 1144 4358 tic
1165 4303 1366 4377 reponendum
1388 4304 1479 4375 Saepe
1493 4308 1568 4355 enim

244 4376 403 4431 vlolMth
415 4375 677 4448 fractos-pudore,
701 4384 748 4451 qui
766 4385 877 4433 ratione
897 4382 974 4432 ntttla
992 4385 1179 4434 vincerentur.

321 4450 411 4504 lbtd.
440 4450 628 4518 ledetentim,
652 4458 756 4526 inquit,
779 4459 817 4507 ite
836 4464 865 4506 et
883 4455 982 4507 sedato
1001 4454 1077 4527 nisu]
1103 4455 1164 4509 Hoc
1183 4452 1295 4526 quidem
1315 4470 1345 4509 tu
1361 4471 1424 4508 vere
1442 4469 1470 4508 et
1489 4456 1567 4527 ingo·

243 4533 322 4584 niose
341 4525 486 4594 emendas,
508 4543 535 4581 et
553 4526 587 4579 ad
606 4546 670 4582 suos
690 4533 851 4602 anapaestos
871 4545 996 4584 revocas:
1035 4579 1038 4584 ,
1080 4549 1081 4552 ’

467 4603 639 4656 Pedeteutim
656 4611 685 4657 et
704 4604 802 4656 sedato
820 4610 895 4671 nisu,

467 4678 515 4729 'Ne
532 4696 664 4731 succressit
683 4685 916 4754 arripiat·maior

468 4753 569 4809 Dolor.
592 4781 748 4799 ---

245 4826 318 4883 Illud
331 4834 369 4882 ite
385 4827 471 4900 libros
487 4833 596 4895 invasit,
613 4834 714 4902 partim
728 4831 761 4883 ad
776 4835 931 4885 cretionem
945 4827 1135 4904 supplendam,
1153 4832 1253 4903 partim
1267 4831 1331 4901 qula
1343 4825 1426 4880 verba
1437 4830 1566 4901 utrinque

244 4908 336 4980 posita
355 4899 460 4975 inqul'l
477 4902 516 4956 Et
535 4899 571 4957 id*
584 4903 748 4959 vocabulum
765 4902 897 4960 formant.
935 4906 987 4959 Illa
1005 4924 1068 4960 tero
1086 4922 1154 4980 quae
1174 4908 1308 4958 contiuuo
1327 4919 1491 4976 sequuntur:
