3384 5359
210 213 274 278 sco
380 290 383 295 ,
549 209 553 217 ·
636 192 1098 276 nuncnu11nunduu.

167 414 169 423 Α
208 352 412 427 acquirebatur.
456 350 504 407 ste
526 367 620 406 noster
642 351 724 406 alibi:
755 348 819 420 [Ad
837 352 907 405 Diu.
930 353 983 407 Ill.
1005 350 1094 424 Epist.
1117 356 1157 422 7.]
1203 353 1241 405 Ut
1256 350 1332 405 milti
1352 351 1429 406 nilrt‘l
1446 372 1544 427 neque

210 432 250 483 ad
268 429 401 483 honorem
415 446 499 499 neque
514 426 677 499 adsumam
691 428 888 498 acquirendum
901 438 1040 499 putarem.
1077 428 1205 481 FAMAE
1222 429 1268 481 hio
1284 444 1326 482 cst
1342 445 1409 482 casu
1428 428 1542 483 datico.

286 505 390 558 *Cute
410 504 496 559 xlv.
521 504 694 574 Quamquam
719 509 792 554 enim
813 520 909 554 seusus
937 503 1053 569 obierit,
1086 510 1181 554 samen
1209 510 1325 557 summis
1354 513 1383 556 et
1404 511 1544 577 propriis

210 580 290 633 bonis
309 596 337 633 et
355 577 447 631 laudis
460 587 489 631 et
505 581 627 648 gloriae,
649 582 774 650 quemvis
789 586 844 630 ndu
862 583 991 643 sentiunt,
1008 583 1113 629 mortui
1131 596 1186 629 non
1202 584 1313 649 carent]
1333 580 1427 632 Multo
1442 585 1473 633 in
1492 582 1543 634 his

209 655 335 729 pauculis
352 670 434 727 praru
450 670 478 707 et
493 658 591 708 vitioso
608 670 681 706 sunt.
720 655 828 718 Primo,
846 663 875 705 es
889 653 981 705 laudo
995 662 1024 704 et
1038 655 1165 722 gloriae,
1184 653 1266 706 codd.
1283 671 1380 707 ornnes
1400 660 1544 709 reiiciuut
1626 676 1627 685 ¹

209 737 286 804 prius
302 730 365 789 ETt
386 734 487 804 quippe
505 729 605 802 duplex
620 729 668 782 ET
683 726 782 781 diversi
800 747 895 782 sensus
913 727 1045 781 vocabula
1062 728 1199 801 postulat:
1220 747 1295 797 non,
1316 745 1346 782 ut
1363 732 1427 795 hic,
1448 748 1544 803 syno-

209 824 303 878 nyme.
341 803 447 857 Deinde
468 823 518 878 pro
540 806 642 855 abierit
667 801 863 876 corrigendum
886 805 1028 858 Annuit.
1067 803 1135 855 Abit
1156 809 1231 856 enim
1254 821 1348 858 sensus
1368 821 1383 856 s
1405 811 1495 872 viris,
1523 822 1542 858 a
1626 848 1627 851 η

210 886 327 934 mortuis
349 880 436 935 abest.
475 880 526 933 llis
549 892 656 952 quoque
681 878 808 933 videntur
830 896 890 932 esse
911 881 1011 936 κακοῦ
1032 877 1208 956 κόμματος,
1232 884 1360 950 quamuis
1381 898 1439 932 non
1462 899 1541 933 sen-

210 962 302 1009 tiant:
328 957 382 1008 hoc
408 958 482 1007 enim
502 960 560 1007 inm
586 960 663 1028 prius
686 971 728 1007 cst
752 953 875 1014 dictum,
897 969 924 1006 et
948 958 977 1006 in
1003 952 1099 1006 endem
1119 954 1255 1020 clausula,
1278 956 1415 1025 Qreomuis
1433 974 1542 1007 setosus
1626 984 1627 1009 2

212 1032 325 1084 abierit.
369 1030 494 1100 Denique
518 1029 586 1082 stud
607 1035 721 1080 summis
743 1029 895 1082 occultiore
921 1027 1029 1101 quidem
1051 1033 1081 1081 in
1106 1027 1206 1082 mendo
1235 1029 1334 1096 cubat,
1363 1029 1414 1083 sed
1441 1033 1538 1085 nihilo

210 1112 303 1160 minus
326 1122 413 1159 certo.
452 1106 587 1168 Summis,
619 1109 725 1175 inquit,
749 1113 779 1155 et
796 1108 923 1176 propriis
942 1104 1030 1158 bonis.
1071 1107 1152 1175 Atqui
1178 1123 1233 1157 noo
1260 1123 1356 1159 omues
1380 1105 1537 1174 virileni,

211 1200 296 1253 quum
316 1186 417 1234 mortui
440 1196 520 1246 suut,
548 1185 663 1231 stemmis
686 1178 812 1232 laudibus
836 1178 1009 1233 celebrantur
1032 1195 1046 1230 a
1070 1184 1152 1233 sitis:
1184 1197 1236 1232 nec
1260 1185 1360 1234 crescit
1384 1187 1537 1249 sententie,

210 1275 293 1329 quum
316 1271 331 1307 s
354 1261 468 1308 summis
491 1256 572 1308 honis
595 1254 628 1307 od
647 1259 766 1326 propria
793 1255 974 1328 progreditur.
1015 1254 1085 1328 Lege
1111 1260 1228 1307 minima
1250 1262 1422 1320 mutatione,
1449 1257 1536 1329 suis

209 1343 238 1385 et
258 1334 383 1404 propriis
405 1331 494 1385 bonis.
532 1333 575 1384 lto
596 1329 656 1386 Lib.
677 1335 710 1396 5,
730 1336 755 1386 7.
794 1333 924 1402 Propriis
946 1334 1020 1380 enim
1044 1339 1073 1382 et
1099 1336 1158 1381 suis
1180 1337 1355 1399 argumentis
1377 1333 1535 1384 tractanda
1626 1376 1627 1385 ,

130 1398 134 1411 '
209 1426 329 1480 quaeque
348 1423 395 1457 res
415 1416 475 1458 est:
498 1421 525 1458 et
544 1404 702 1478 frequenter
727 1406 795 1457 haec
818 1405 873 1458 duo
896 1407 997 1459 Noster
1019 1411 1171 1459 coniunxit.
1210 1410 1302 1476 Quare
1325 1411 1432 1479 integer
1456 1408 1534 1460 locus

209 1489 251 1536 sic
269 1480 442 1556 reponendus
465 1497 519 1534 est:
548 1482 721 1552 Quamquam
735 1487 807 1532 enim
829 1498 925 1531 seusus
944 1480 1050 1546 aberit,
1075 1490 1168 1533 tornen
1187 1488 1245 1532 suis
1264 1491 1291 1533 et
1305 1487 1434 1554 propriis
1452 1483 1536 1534 horae

209 1558 303 1610 laudis
325 1565 354 1608 st
378 1558 489 1626 gloriae
510 1561 614 1609 mortui
632 1574 688 1607 uon
708 1563 817 1610 carent.
862 1557 1011 1609 Lambinus
1034 1574 1156 1628 quoque,
1187 1574 1217 1611 ut
1239 1561 1295 1610 inm
1319 1556 1417 1624 video,
1449 1558 1533 1612 Silis

210 1648 239 1686 et
257 1633 424 1687 ABERITs
446 1636 606 1685 coniectura
628 1625 712 1683 dedit.
1269 1628 1273 1634 '

284 1703 399 1760 *ibid
424 1706 491 1758 Etsi
512 1712 585 1758 enim
608 1705 680 1757 nihil
698 1711 729 1758 in
749 1723 779 1757 se
800 1703 903 1757 habeat
925 1705 1037 1774 gloria,
1069 1723 1118 1757 cur
1142 1706 1307 1778 expetatur]
1332 1707 1417 1762 MSS.
1440 1712 1531 1760 nostri

209 1801 319 1848 omues,
347 1786 446 1835 tersius
468 1798 496 1835 et
519 1786 695 1836 concinnius:
722 1780 786 1832 Etsi
807 1786 881 1832 enim
902 1779 974 1831 nilsil
992 1780 1075 1833 hahet
1095 1786 1126 1832 iu
1142 1800 1172 1833 se
1192 1783 1297 1851 gloria.

285 1854 398 1910 *ibid
427 1857 571 1910 Virtutem
590 1865 732 1927 tamquam
751 1855 850 1907 umbra
865 1861 999 1927 sequitur.
1027 1857 1133 1910 Verum
1149 1857 1335 1909 multitudinis
1349 1856 1484 1909 iudicium
1498 1857 1533 1909 dc

209 1934 305 1997 bonis,
325 1939 351 1984 si
368 1931 478 2003 quaudo
494 1940 552 2000 est,
567 1937 661 2001 nugis
675 1930 846 1983 laudandum
860 1939 919 1997 est,
940 1950 1022 2002 quam
1035 1931 1079 1983 illi
1092 1932 1126 1983 ob
1142 1948 1202 1983 eam
1218 1950 1277 1983 rem
1291 1932 1378 2001 beate]
1399 1932 1534 1985 VERUM

210 2010 258 2063 hic
280 2026 331 2082 pro
354 2011 552 2060 coniunctione
578 2012 718 2078 accipiunt
741 2006 830 2078 vulgo.
870 2005 956 2078 Atqui
978 2024 1011 2058 eo
1032 2022 1114 2080 pecto
1133 2006 1238 2060 nullum
1257 2024 1369 2060 sensum
1388 2007 1532 2060 habebnt

209 2088 280 2149 ists,
308 2082 464 2152 siquando
486 2092 540 2137 est.
577 2082 620 2136 Tu
642 2087 726 2155 igitur
747 2092 798 2154 pro
821 2078 959 2135 adiectivo
978 2098 1071 2149 sume,
1094 2082 1200 2135 Verum
1217 2082 1348 2134 iudicium
1368 2082 1532 2133 multitudi—

210 2165 266 2225 nis,
287 2176 317 2212 ut
333 2176 408 2223 mox,
428 2158 496 2209 Nou
504 2156 595 2228 fama
607 2159 749 2230 populari,
767 2156 818 2207 sed
830 2173 903 2207 uera
917 2156 1051 2208 bonorum
1065 2157 1165 2209 tude:
1183 2174 1211 2210 et
1226 2157 1329 2211 Plinius
1346 2162 1437 2210 unior
1448 2161 1528 2222 7,11.

210 2224 242 2288 St
265 2233 395 2287 VERUM
415 2231 515 2300 facere
538 2233 720 2286 IUDICIUM
741 2232 884 2298 uouemus,
907 2232 1068 2284 mortalium
1089 2250 1169 2285 nemo
1188 2241 1231 2285 est
1240 2230 1333 2302 felia.
1372 2237 1457 2304 Atqui
1478 2232 1535 2285 ltno-

210 2326 296 2384 pscto
317 2314 342 2359 si
361 2307 471 2377 quando
490 2316 534 2360 est
552 2307 666 2381 perinde
685 2312 754 2371 erit,
773 2322 820 2371 sc,
837 2311 863 2357 si
880 2307 989 2376 quando
1008 2316 1051 2359 est
1067 2326 1180 2371 verrem,
1204 2307 1276 2380 quod
1296 2306 1445 2361 admodum
1467 2324 1529 2360 roro
1626 2334 1627 2351 r

210 2402 264 2438 est.
304 2384 401 2438 Paullo
421 2381 491 2435 inira
511 2400 561 2456 pro
580 2388 735 2454 accipiatur
750 2380 863 2436 codices
881 2387 969 2435 nostri
989 2388 1148 2455 accipietur.
1194 2381 1247 2437 Sed
1272 2398 1329 2436 tots
1352 2382 1422 2436 hece
1438 2388 1531 2455 perio-

210 2462 263 2513 che
287 2463 314 2511 in·
340 2458 419 2510 libris
442 2457 523 2512 editis
550 2463 716 2530 scriptisque
745 2462 845 2511 misere
875 2457 1027 2530 iugulatur,
1061 2474 1155 2511 sensus
1185 2461 1362 2529 pervertitur,
1396 2457 1527 2511 dictionis

211 2534 288 2588 filum
315 2538 512 2598 intersecatur,
543 2536 572 2587 iu
600 2537 692 2586 media
716 2530 833 2604 denique
865 2538 1002 2585 sententia
1031 2549 1114 2605 copus
1143 2550 1243 2586 novum
1268 2533 1425 2587 inchoetur.
1469 2533 1526 2605 Ego

213 2608 386 2684 (praefiscine
409 2606 538 2681 dixerim)
564 2625 632 2662 sono
654 2624 683 2661 et
704 2624 755 2661 suo
778 2607 866 2661 colori
888 2608 955 2662 haee
973 2613 1067 2660 omnin
1087 2612 1219 2673 restituo,
1246 2625 1303 2660 non
1321 2623 1422 2680 mogun
1440 2622 1529 2660 muts·

211 2688 302 2740 none:
327 2690 401 2747 suis,
424 2688 528 2756 inqiut,
555 2693 583 2735 et
597 2687 724 2756 propriis
742 2683 822 2735 bonis
842 2682 934 2733 larsdis
951 2692 980 2734 et
997 2684 1109 2753 gloriae
1127 2688 1230 2735 mortui
1246 2701 1303 2734 uon
1322 2692 1431 2736 careni.
1466 2682 1528 2734 Etsi

211 2766 283 2813 enim
304 2759 376 2810 nturi
398 2758 482 2811 lcubet
502 2764 533 2811 iu
554 2777 584 2810 se
605 2760 717 2829 gloria,
746 2776 796 2809 cur
817 2766 967 2828 expetatur
973 2778 984 2819 ,·
1015 2767 1126 2810 tautrcm
1148 2756 1241 2832 (codd.
1266 2755 1372 2831 tannen)
1394 2764 1529 2810 uirtutem

211 2845 352 2905 tansquam
367 2834 465 2886 umbra
480 2834 620 2907 sequitur.-
641 2842 670 2886 et
685 2831 712 2906 (s
726 2830 807 2886 codd.
822 2831 914 2907 abest)
929 2852 1027 2886 verum
1045 2833 1233 2885 multitudinis
1250 2833 1380 2885 iudicium
1394 2833 1429 2885 de
1440 2834 1526 2897 lonis,

210 2916 236 2962 si
257 2908 368 2982 quaudo
385 2919 443 2976 est,
469 2915 563 2978 magis
581 2908 751 2960 medardum
774 2917 833 2975 est,
858 2927 939 2979 quam
958 2910 1001 2960 illi
1022 2909 1055 2973 ob
1074 2928 1136 2961 eam
1154 2927 1213 2960 rem
1231 2910 1324 2960 beati:
1344 2927 1401 2961 non
1418 2926 1528 2980 possum

211 2995 305 3039 tamen
324 2984 418 3059 (codd.
437 2983 544 3059 aretem)
557 2984 670 3051 dicere,
689 3001 796 3056 quoquo
814 2982 896 3037 modo
910 2982 962 3037 lsoc
980 2989 1149 3055 accipietur,
1171 2983 1347 3057 Lycurgum,
1371 2984 1527 3036 Solonem-

211 3078 309 3113 carere
350 3061 433 3115 loric.
904 3114 907 3121 ,

287 3079 389 3188 *Certa
405 3135 504 3189 XLVl.
530 3133 663 3186 Secundis
679 3151 749 3185 uero
770 3138 828 3184 suis
848 3133 930 3185 rebus
946 3135 1025 3187 volet
1045 3138 1129 3188 etiam
1149 3137 1234 3203 mort]
1260 3132 1323 3186 Non
1344 3132 1440 3202 video,
1463 3131 1527 3205 quid

211 3209 259 3263 hio
281 3224 343 3281 ngat
364 3206 400 3275 rb
421 3216 515 3263 etiam.
555 3210 605 3262 Vel
624 3209 702 3281 lege,
722 3209 799 3260 uolet
818 3209 958 3275 EMORI,
981 3210 1039 3277 vel,
1059 3210 1138 3261 uolet
1159 3209 1232 3263 IAM
1252 3213 1333 3262 mori.

285 3280 398 3337 *lbid
426 3286 495 3339 Tres
519 3283 730 3357 Olympionicas
752 3302 808 3336 uua
829 3300 865 3337 ex
885 3284 966 3337 domo
985 3285 1115 3357 prodire]
1142 3281 1230 3340 codd.
1251 3288 1358 3351 nostri,
1382 3283 1464 3339 Titii
1483 3283 1527 3336 01.

209 3377 266 3411 ussa
288 3360 311 3412 Ε
333 3357 415 3409 domo
433 3360 559 3431 prodire.
580 3410 582 3413 ,
718 3374 725 3387 ‘

221 3474 223 3480 .
285 3432 399 3486 *ibid
426 3436 471 3486 Ne
494 3443 523 3486 et
543 3443 650 3486 nosntet
671 3438 747 3505 ipsos
768 3452 865 3486 amare
886 3433 1044 3505 videamur]
1070 3438 1154 3490 llsote
1179 3431 1389 3499 sninssdrcrtis,
1418 3449 1527 3487 omnem

212 3514 302 3563 nostri
325 3524 460 3574 umorem,
493 3514 576 3562 etiarn
593 3525 692 3565 nature
715 3514 845 3576 insitum,
877 3510 930 3563 hoc
947 3511 1069 3564 lectione
1092 3510 1224 3562 damnsri.
1264 3507 1317 3562 Sed
1338 3506 1419 3563 codd.
1442 3512 1530 3563 nostrl
1626 3576 1627 3581 ἵ

212 3584 281 3638 nulli
298 3599 449 3655 agnoscunt
466 3580 501 3640 τὸ
516 3585 578 3641 Ele
603 3601 658 3654 quo
679 3582 803 3650 sublato,
828 3583 947 3651 tollitur,
973 3584 1017 3652 id,
1037 3585 1110 3658 quod
1130 3600 1157 3638 ts
1177 3582 1349 3650 offendebat,
1370 3601 1405 3635 ne
1423 3590 1526 3636 nosmet
1626 3598 1627 3649 ,

211 3666 266 3733 ipsi
286 3676 383 3712 amare
404 3659 566 3725 uideamur,
589 3659 643 3712 hoc
665 3675 723 3728 est,
741 3678 775 3719 ue
795 3662 936 3716 videamur
958 3659 1105 3736 φίλαυτοι
1110 3684 1123 3734 ,·
1142 3658 1215 3731 quod
1236 3677 1345 3732 semper
1366 3664 1396 3712 in
1415 3664 1483 3712 sitio
1501 3672 1527 3711 et
1626 3666 1627 3699 ³

211 3741 269 3799 situ
290 3741 348 3789 erio
373 3751 425 3788 est.

271 3756 387 3865 pmcn.
407 3809 521 3863 XLVll.
549 3809 596 3859 An
618 3812 675 3859 iam
696 3807 767 3861 lianc
788 3817 881 3861 artem
895 3809 980 3882 plane
998 3811 1190 3882 relinquimus]
1218 3807 1336 3865 Codices
1356 3813 1446 3862 nostri
1466 3824 1527 3861 con-

211 3891 336 3951 cinnius,
361 3887 409 3937 Au
427 3883 498 3936 hauc
516 3889 574 3935 iam
591 3892 691 3936 artem.
1441 3936 1445 3946 Ι

286 3959 401 4014 *ibid
428 3960 474 4011 Ita
493 3958 626 4010 sacerdos
646 3959 766 4010 advecta
788 3964 818 4010 in
832 3957 955 4030 fantem,
981 3978 1063 4030 qrutm
1082 3979 1182 4013 currus
1199 3954 1273 4013 essel
1292 3958 1393 4011 ductrcs.
1411 3975 1431 4009 a
1445 3955 1526 4028 fillis,
1626 3982 1627 3989 ¹

206 4045 326 4106 precata
353 4054 372 4086 a
402 4034 462 4085 dea¹
481 4035 600 4100 dicitur,
631 4041 663 4083 ut
689 4035 747 4086 illis
768 4032 923 4103 praemium
947 4033 1029 4087 daret
1051 4053 1106 4106 pro
1128 4042 1251 4109 pietate,
1281 4033 1355 4107 quod
1380 4038 1526 4085 maximum

210 4109 315 4162 homini
336 4110 512 4181 dariposset
531 4108 631 4178 adeo]
659 4111 711 4161 Pro
730 4110 788 4159 illis
801 4113 958 4180 praemium
979 4111 1024 4163 'l'u
1044 4128 1120 4165 recte
1141 4112 1233 4165 vidisti
1252 4107 1441 4183 reponendum
1463 4124 1527 4171 esse,

109 4244 112 4255 1
209 4185 280 4237 illud
293 4191 433 4257 praemii.-
455 4200 482 4238 et
501 4190 543 4237 sic
562 4185 641 4256 plane
662 4182 743 4238 codd.
762 4190 852 4237 nostri
870 4202 975 4238 omnes.
1015 4185 1069 4240 Sed
1088 4188 1142 4240 hoc
1158 4203 1240 4260 pecto
1261 4183 1448 4248 desideretur,
1470 4188 1526 4236 cui-

174 4281 176 4287 ·
210 4279 277 4313 narn
292 4262 369 4315 duret
386 4258 453 4312 illud
469 4264 594 4331 praemii.
634 4257 739 4313 Deinde
760 4273 810 4311 cur
829 4276 930 4331 quaeso
946 4259 1045 4311 ditetur
1063 4281 1083 4312 a
1095 4260 1189 4334 filiis,
1209 4279 1293 4334 quum
1308 4258 1342 4313 id
1363 4264 1419 4319 ism
1439 4258 1525 4311 multis

210 4334 300 4390 verbis
323 4350 489 4408 norrsvcrst.
527 4334 652 4405 Tolletur
673 4350 700 4387 et
720 4333 865 4388 scabrities
888 4336 954 4388 hoec
977 4352 1005 4389 ct
1027 4338 1226 4414 ruricoloylu,
1253 4341 1295 4402 si,
1320 4335 1428 4389 abiecte
1454 4333 1526 4386 litets

210 4431 245 4478 a,
267 4411 479 4464 distinctionum
502 4426 582 4463 notas
608 4415 770 4463 mutaveris:
796 4410 842 4461 Ita
864 4410 997 4463 sacerdos
1019 4410 1139 4463 advecta
1160 4417 1190 4463 in
1201 4412 1320 4482 fatuam.
1357 4408 1449 4479 Qrutm
1466 4426 1526 4462 cur·

210 4506 260 4538 rus
278 4496 352 4538 esset
371 4485 470 4536 drutus
476 4505 486 4544 ,·
504 4483 582 4556 filiis
600 4494 718 4556 precata
739 4504 758 4536 a
779 4484 833 4536 dea
855 4485 958 4539 dicitur
979 4494 1010 4537 ut
1030 4486 1101 4538 illud
1117 4488 1231 4558 praemi
1247 4486 1330 4538 daret
1346 4502 1401 4555 pro
1416 4490 1525 4557 pietate,
1613 4494 1617 4505 “

208 4562 284 4633 quod
305 4576 360 4614 cot.
400 4560 476 4613 Niltll
502 4566 600 4612 verius.
666 4593 668 4596 >

287 4638 390 4689 *Cum
412 4635 540 4688 XLVllI.
567 4637 632 4705 Qua
656 4643 698 4685 est
724 4652 788 4685 usru
815 4641 955 4687 sententia
980 4640 1009 4686 irs
1035 4634 1203 4706 Cresphonte
1229 4635 1389 4706 Euripides]
1422 4635 1524 4702 Quinto

211 4714 385 4764 numerosius
399 4710 480 4762 MSS.
500 4715 588 4763 nostri
609 4727 721 4763 ornnes:
748 4711 811 4779 Qua
830 4720 873 4762 ess
891 4714 1031 4762 sententia
1049 4716 1079 4760 in
1097 4711 1265 4782 Cresphonte
1285 4727 1351 4762 usus
1367 4708 1525 4782 Euripidesl

200 4838 202 4845 ,
288 4780 404 4839 titii.
431 4784 566 4837 Alcinous
584 4791 710 4857 potitur,
734 4784 873 4856 satorum
894 4791 1019 4852 nuntius,
1052 4785 1121 4856 leto]
1155 4787 1197 4840 lto
1220 4786 1318 4840 MSS:
1328 4790 1418 4840 nostri
1439 4799 1523 4838 omnes
