3384 5359
688 303 738 367 IN
761 301 855 366 LlB.
877 301 925 367 11.
1405 300 1467 365 215

139 464 244 500 sernrn
266 444 466 518 significatione
488 442 609 504 diceres:
631 459 694 497 nem
715 445 804 509 elicit,
829 446 891 513 qni.
916 457 946 496 nt
970 459 1022 496 vox
1044 446 1180 508 mittatur,
1206 438 1302 505 eflicit,
1326 456 1355 494 er
1372 457 1467 494 roeern

138 527 226 594 quasi
237 526 239 529 ’
252 525 397 592 exprimit:
419 523 510 584 eiicit,
531 524 577 590 qui
598 524 656 590 ipse
673 522 772 583 mittit,
796 534 826 590 ut
842 535 897 588 pro
916 520 1029 571 Caelios
1048 519 1150 570 Nonue
1168 523 1256 588 ipsam
1277 518 1386 567 domam
1404 534 1467 567 me-

139 606 224 662 tuet,
248 612 283 648 ne
302 613 386 668 quam
408 611 505 645 uocem
527 598 642 646 eiiciat?
664 594 712 647 ubi
735 594 814 664 vulgo
834 611 959 663 qunque,
981 595 1087 658 eliciat,
1115 593 1225 664 legitur,
1246 592 1296 644 sed
1315 595 1344 644 in
1363 588 1470 644 duobus

63 728 67 739 ,
138 688 289 726 manuscr.
312 686 355 725 est
376 674 487 735 eiiciat,
510 683 537 721 et
559 670 722 743 Euripides,
743 686 773 722 ur
792 668 921 721 Muretus
940 669 1058 723 Verior.
1078 668 1204 724 Lection.
1222 666 1284 721 Lib.
1301 672 1326 721 2.
1344 684 1405 737 cap.
1424 670 1469 722 17.

139 746 320 812 observavit,
345 746 463 823 μήποτε
487 742 632 821 φθόγγῳ
653 746 740 830 cipp,
772 742 852 797 dixit.
895 744 944 825 ¹Sic
966 744 1094 797 homines
1117 742 1194 797 docti
1213 741 1287 816 apud
1308 743 1469 796 Lucretium

139 820 206 878 lah.
227 827 258 881 ὅ.
278 822 304 875 le
323 835 388 885 unt,

275 942 278 953 ,
305 841 322 895 ὅ
372 895 450 946 Nam
467 911 553 945 verae
571 904 656 945 voces
674 902 734 945 turn
752 892 860 944 demum
876 902 993 963 pectore
1012 892 1046 945 ab
1065 898 1122 945 imo

372 968 532 1020 Eiiciuntur
752 984 779 1021 er
800 967 881 1035 inira,

490 1041 573 1113 Quod
589 1047 696 1100 semina
714 1049 793 1095 vocis

373 1116 547 1183 Eiiciuntur,
570 1126 599 1169 et
621 1136 669 1169 ore
684 1115 776 1189 foras
796 1118 955 1195 glomerata
969 1114 1121 1188 seruntur.

142 1208 237 1266 quum
260 1208 378 1264 utroque
400 1193 478 1256 loco,
503 1195 667 1257 eliciuntur,
696 1192 762 1246 libri
785 1193 911 1266 probent.
956 1192 1010 1247 Sed
1029 1193 1173 1247 Lucretius
1194 1197 1279 1247 etism
1298 1191 1381 1248 rerba
1403 1197 1471 1247 sim·

142 1269 215 1345 plici
239 1273 278 1322 ita
298 1272 400 1329 utitur:
425 1283 455 1322 ut
475 1268 535 1325 Leo.
555 1270 581 1325 1.

373 1342 430 1393 Sea
448 1349 548 1408 etiam,
569 1350 620 1394 aut
638 1351 742 1414 septem
760 1343 823 1396 loca
840 1343 902 1395 vidi
921 1340 1036 1395 reddere
1054 1360 1146 1410 voces,

377 1418 468 1469 Unam
487 1436 568 1488 quum
586 1423 702 1470 iaceres.

142 1492 239 1545 Porro
262 1508 346 1561 quum
369 1491 441 1564 opud
465 1496 645 1560 Ciceronem,
663 1491 772 1563 fundi,
808 1507 952 1565 sequatur,
977 1496 1044 1563 quin
1062 1496 1126 1544 eiici
1154 1507 1262 1547 rectum
1284 1497 1337 1561 slt,
1364 1494 1470 1547 nemini

141 1567 267 1620 dubium
289 1562 348 1618 iore
367 1583 506 1638 putemus.
539 1582 542 1591 '

226 1643 251 1708 §.
270 1645 315 1700 58.
341 1642 381 1693 ad
391 1661 489 1695 oerum
507 1641 617 1695 lacedem
634 1650 718 1712 atque
734 1640 889 1711 honestam]
917 1645 946 1695 in
962 1658 1098 1707 manuscr.
1116 1641 1163 1695 bic
1183 1638 1309 1706 additur,
1330 1640 1471 1698 tendente.
1540 1663 1549 1686 r

226 1718 252 1783 §-
274 1720 320 1774 60.
346 1735 365 1767 a
383 1716 480 1770 dolore
498 1718 625 1769 devictus
645 1721 699 1785 est]
727 1718 775 1771 Sic
796 1717 942 1770 Manutius
964 1735 1072 1790 quoqne
1096 1716 1198 1784 edidit,
1222 1734 1305 1788 quum
1324 1720 1354 1771 in
1372 1716 1469 1771 multis

142 1789 229 1844 libris
250 1795 391 1862 impressis
414 1808 440 1847 et
460 1797 571 1865 scriptis
589 1792 696 1865 legatur
714 1791 846 1844 deductus
864 1801 916 1845 est.
1220 1806 1224 1813 ⁴

225 1867 252 1932 §·
272 1870 317 1923 61.
343 1869 387 1918 Ar
410 1886 466 1919 non
493 1878 588 1920 noster
609 1867 787 1937 Posidonius]
819 1868 862 1921 De
888 1865 1038 1922 Posidonio
1063 1867 1162 1921 Cicero
1192 1870 1220 1919 in
1247 1856 1415 1933 Hortensio',
1439 1881 1470 1920 ut

143 1941 259 1995 Nonius
283 1938 384 2005 refert,
407 1947 461 1996 ita:
485 1943 554 1997 Vidi
571 1948 603 1994 in
619 1943 715 1995 dolore
732 1942 882 2016 podagrae
901 1941 987 1993 nihilo
1005 1948 1093 2014 ipsum
1111 1943 1160 1995 vel
1178 1946 1299 1995 omniurn
1318 1946 1472 1993 maximum

143 2016 310 2067 Stoicorum
332 2015 528 2085 Posidonium,
553 2028 635 2088 quam
656 2017 859 2073 Nicomachum
879 2017 999 2089 Tyrium
1020 2016 1156 2088 hospitem
1176 2035 1266 2069 meum
1280 2014 1451 2088 fortiorem.

225 2093 251 2158 ᾖ.
267 2093 314 2150 62.
333 2097 380 2163 qui
397 2092 469 2144 hanc
481 2098 631 2163 petierunt]
655 2092 810 2161 Petissere,
832 2099 872 2146 ait
889 2093 1000 2157 Festus,
1022 2098 1131 2165 antiqui
1149 2092 1278 2144 dicebant
1288 2110 1343 2165 pro
1358 2100 1471 2162 petere,-

145 2184 183 2218 eo
199 2165 314 2236 Jorma
328 2166 423 2233 verbi,
457 2185 511 2239 qua
536 2176 602 2220 sunt
626 2170 777 2234 lacessere,
805 2175 835 2220 et
856 2175 1001 2221 incessere.
1044 2168 1101 2220 Sed
1125 2176 1156 2219 ut
1183 2166 1251 2219 nult·
1277 2167 1406 2232 videtur,
1438 2185 1471 2220 eo

145 2238 359 2312 significabant
387 2248 498 2314 saepius
519 2253 630 2316 petere,
659 2252 690 2296 ut
717 2249 876 2315 petissant,
905 2248 1016 2316 saepius
1040 2252 1150 2315 petant.
1196 2245 1335 2301 Hactenus
1364 2243 1472 2303 Festus,

149 2316 225 2368 Usus
253 2331 295 2370 est
323 2316 419 2371 eodem
448 2317 532 2372 verbo
555 2320 655 2372 Cicero
680 2318 742 2373 Lib.
764 2326 791 2375 2.
822 2320 857 2383 de
884 2320 1047 2371 consedetur
1075 2318 1224 2390 Menteque
1246 2317 1344 2369 divina
1365 2318 1472 2370 caedem

148 2398 300 2461 terrasque
314 2397 443 2462 petierit,
472 2408 500 2447 et
521 2395 667 2448 Lucretius
692 2393 753 2449 Lib.
774 2398 820 2453 5..·
849 2395 970 2463 fitgiens
991 2393 1148 2459 honoreus,
1172 2411 1308 2463 aurasque
1323 2398 1472 2465 petissent.

148 2466 206 2519 Pro
232 2483 281 2531 eo,
303 2465 376 2538 quod
398 2473 536 2539 sequitur,
559 2487 608 2522 eos
628 2470 733 2522 nullum
745 2465 857 2540 fugere
880 2469 1024 2531 dolorem?
1051 2474 1081 2522 in
1100 2471 1162 2522 aliis
1183 2468 1263 2522 libris
1283 2483 1341 2535 est,
1368 2468 1473 2519 nrdtuns

140 2536 273 2611 fugiunt
294 2541 426 2596 dolorem.

230 2617 253 2683 §.
271 2617 316 2677 65.
342 2636 411 2688 qaae
430 2623 554 2671 maxime
573 2624 676 2671 eminet
694 2623 726 2670 in
746 2617 964 2686 contemnendis]
991 2617 1050 2691 lege
1068 2616 1171 2690 absque
1191 2620 1410 2691 praepositione,
1433 2620 1474 2684 in,

150 2707 225 2761 qnae
258 2694 286 2743 in
315 2689 393 2746 libris
424 2698 544 2766 antiquis
575 2711 632 2746 non
660 2693 770 2766 legitur.
815 2695 959 2747 Manutius
984 2692 1086 2760 edidit,
1116 2711 1185 2765 quae
1212 2698 1338 2745 mumma
1362 2697 1473 2745 eminet.

151 2765 235 2820 Idem
253 2765 326 2836 quod
346 2773 484 2839 sequitur,
505 2774 536 2822 in
554 2768 662 2842 sigonii
682 2768 755 2823 libro
776 2771 818 2822 sic
835 2767 890 2841 legi
910 2773 964 2822 ait:
989 2768 1085 2840 Neque
1101 2770 1230 2840 picturum
1245 2775 1357 2839 captet,
1377 2765 1428 2819 sed
1444 2784 1473 2818 se

151 2849 268 2893 tortium
288 2846 350 2913 ipsa
372 2843 498 2897 delectet.
764 2862 769 2873 “
1099 2852 1102 2861 ’

230 2920 254 2986 §-
266 2920 314 2975 61.
332 2923 392 2969 eine
403 2920 507 2990 populo
523 2927 594 2971 teste
601 2915 694 2991 fiunt]
714 2919 750 2973 ln
760 2917 845 2972 Nonii
861 2915 955 2984 libris,
978 2915 1026 2970 ubi
1043 2918 1124 2972 buius
1137 2916 1192 2971 loci
1207 2919 1369 2971 testimonio
1382 2912 1474 2983 docet,

158 3007 267 3047 veteres
285 2993 507 3047 venditationem
526 3012 576 3069 pro
595 2999 783 3046 attentatione
802 2999 943 3065 posuisse,
962 2992 1079 3065 legitur,
1097 2998 1157 3043 eine
1173 2992 1274 3062 populo
1296 2999 1371 3042 recte
1381 2987 1474 3063 fiunt

230 3069 255 3136 §.
273 3069 319 3124 65.
347 3078 378 3120 ut
400 3074 444 3120 ius
464 3087 544 3122 strum
565 3077 594 3121 et
614 3069 774 3121 libertatem
799 3072 938 3136 terrerent]
965 3068 1077 3139 Legitur
1105 3082 1149 3133 et,
1176 3074 1337 3133 tuerentur,
1364 3070 1395 3119 ln
1418 3082 1474 3122 vet.

152 3140 218 3201 cod.
263 3141 368 3196 Eadem
387 3149 503 3199 varietas
523 3159 564 3198 est
583 3145 643 3197 Lib.
664 3151 691 3199 2.
709 3143 743 3197 de
762 3141 897 3215 Officiis:
932 3143 1014 3195 Hanc
1038 3147 1111 3194 enim
1138 3141 1172 3193 nb
1201 3156 1314 3193 causum
1344 3145 1477 3209 manime,
1537 3157 1546 3173 ⁰

152 3225 187 3271 ut
207 3234 261 3268 sua
281 3225 424 3287 tenerent,
459 3237 533 3292 resp.
554 3225 737 3292 civitatesque
757 3222 930 3273 constitutae
956 3226 1040 3288 sunt,
1066 3217 1114 3271 nbi
1136 3215 1246 3290 quidem
1273 3214 1341 3268 libri
1362 3214 1477 3284 babent,

153 3299 308 3344 tuerentur.

117 3396 122 3410 =
231 3367 255 3434 §-
274 3370 320 3425 67.
346 3371 373 3419 ei
394 3372 470 3421 tanti
489 3373 566 3436 sint,
588 3376 621 3421 ut
638 3365 760 3439 ferendi
784 3387 841 3421 non
865 3372 935 3438 sint]
961 3365 995 3420 ld
1016 3380 1075 3431 est,
1100 3370 1125 3421 si
1146 3368 1202 3419 sint
1225 3363 1434 3433 intolerabiles,
1447 3381 1476 3420 et

155 3446 291 3507 maiores,
309 3458 392 3511 qusnr
407 3459 440 3497 ut
455 3441 522 3497 ferri
539 3447 663 3516 possint,
684 3460 731 3499 aut
745 3448 830 3498 eriam
846 3443 979 3507 debesnt,
997 3446 1123 3515 paratum
1139 3457 1181 3495 est
1196 3444 1295 3494 mortis
1310 3440 1476 3516 perfugium.

156 3516 190 3571 ln
213 3514 275 3569 aliis
297 3516 376 3571 libris
397 3523 509 3591 negatio
532 3517 596 3573 loco
618 3518 709 3572 slieno
731 3524 823 3594 posita
843 3521 1009 3572 sententiam
1030 3519 1172 3589 pervertit.

233 3589 324 3645 lbid.
350 3592 401 3644 sed
417 3594 469 3646 tibi
488 3593 538 3646 boc
558 3593 643 3646 uideo
664 3612 721 3647 uon
735 3612 818 3665 posse
839 3593 945 3662 deberi]
971 3589 1037 3646 Aur.
1057 3590 1203 3647 Turnebus
1220 3590 1282 3644 Lib.
1303 3589 1329 3647 1.
1352 3591 1477 3646 Aduers.

157 3679 220 3738 tap-
239 3668 284 3723 18.
306 3656 389 3738 legit}
407 3677 437 3720 et
454 3669 506 3721 tibi
522 3667 592 3729 hoc,-
613 3670 686 3740 quod
705 3669 840 3743 particula
857 3668 1039 3733 adversatrix,
1057 3667 1124 3735 sed,
1144 3683 1176 3737 ut
1193 3672 1252 3739 ipse
1271 3671 1325 3732 sit,
1348 3667 1477 3719 obscuret

157 3737 363 3814 mninndstque
382 3749 561 3798 sententiam:
592 3748 632 3797 sit
654 3749 728 3799 enirn
753 3750 876 3799 crastino
898 3743 1115 3817 disputationem
1143 3741 1176 3795 ad
1206 3747 1391 3797 constitutum
1416 3738 1477 3794 lore

158 3815 195 3869 sd
217 3815 407 3889 clepsydram,
436 3823 597 3892 praesertim
618 3837 704 3891 quum
732 3819 842 3875 auditor
867 3834 948 3890 cogat
974 3817 1028 3872 sibi
1052 3836 1109 3871 rem
1128 3817 1197 3872 solvi
1219 3833 1246 3871 et
1268 3819 1478 3888 repraesentari,
1551 3826 1566 3837 ’
1658 3824 1661 3831 ’

158 3908 248 3961 neque
271 3890 364 3946 deberi
386 3892 543 3967 differrique
560 3898 643 3949 sinat.
676 3897 750 3950 llaec
773 3895 828 3950 ille.
860 3895 920 3967 Ego
942 3892 1107 3967 particulam
1126 3892 1335 3947 adversatricem
1354 3894 1479 3943 retinen·

159 3964 632 4098 it?.5:52.ii⁵i⁰.ziii.t⁰i
652 3973 1254 4101 lutitti‘ituli‘l‘t..iiiii
1278 3963 1479 4095 ‘iiiiii

159 4059 267 4169 radone
284 4118 444 4185 exercendi,
462 4119 580 4174 dictioni
600 4064 713 4194 ogerum
729 4087 848 4175 dandam
860 4066 928 4176 {sse
947 4119 982 4172 sd
1000 4063 1169 4191 clepsydram
1186 4081 1314 4170 uerior:
1337 4115 1412 4169 addit
1429 4135 1478 4190 per

159 4196 379 4260 correctionem,
410 4195 467 4248 Sed
490 4196 542 4248 tibi
563 4194 615 4247 lsoc
641 4196 725 4249 video
754 4216 812 4249 non
858 4215 920 4249 osse
942 4196 1051 4260 deberi,
1074 4191 1103 4246 id
1127 4211 1184 4258 est,
1220 4189 1323 4259 „video
1342 4190 1401 4244 fieri
1420 4209 1478 4244 non

160 4282 257 4339 potae,
284 4274 350 4337 quin
373 4284 401 4324 et
421 4271 491 4324 haec
514 4271 709 4345 philosophica
732 4277 803 4327 ratio
825 4217 984 4345 disputandi
1006 4283 1069 4342 post
1094 4268 1237 4321 meridiem
1259 4267 1292 4319 du
1314 4265 1395 4321 rebus
1418 4283 1479 4339 gra-

131 4396 134 4400 ,
159 4345 281 4394 cissimis
300 4359 473 4415 portentur,
493 4362 521 4400 er
541 4346 614 4418 quod
636 4346 687 4401 tibi
709 4352 786 4419 quasi
806 4346 934 4400 debemus
971 4342 1154 4398 irsolvarur.”
1192 4344 1239 4395 Sic
1256 4343 1309 4413 Ep.
1325 4349 1353 4399 2.
1372 4340 1431 4396 Lib.
1450 4342 1478 4397 d·

159 4415 200 4467 ad
216 4418 360 4472 Atticum:
385 4420 480 4492 Itaque
503 4427 597 4473 oratio
612 4426 754 4474 iuventuti
774 4430 891 4474 nostrae
912 4365 1006 4472 dederi
1029 4436 1085 4471 uon
1102 4427 1216 4492 potest:
1238 4434 1265 4471 et
1284 4420 1314 4470 lu
1334 4419 1477 4490 prooemio

94 4488 99 4497 ¹
160 4490 346 4561 Topicorum:
369 4498 465 4565 „Non
473 4503 555 4566 potui
572 4496 624 4549 tihi
640 4503 751 4568 saepius
765 4495 816 4549 ltoc
832 4502 950 4565 roganti
964 4494 1061 4547 debere
1077 4494 1222 4546 diutius:”
1241 4508 1268 4545 et
1281 4492 1315 4543 de
1328 4492 1411 4544 Orat.
1426 4490 1478 4549 δι”

131 4621 134 4627 ,
161 4567 210 4618 An
233 4585 277 4618 me
307 4576 366 4621 tarn
393 4571 579 4642 impudentem
603 4590 663 4625 esse
687 4577 872 4639 existimatis,
916 4580 948 4624 ut
971 4569 1067 4636 vobis,
1103 4568 1155 4623 hoc
1175 4571 1346 4640 praesertim
1370 4580 1477 4633 mrrnus,

158 4650 253 4711 putem
270 4642 377 4698 diutius
391 4665 474 4719 posse
492 4645 630 4716 deberii'}
1296 4654 1300 4661 ’
