3384 5359
677 222 679 225 ’
737 263 1013 331 rananoxn.

224 408 339 493 quam¹
358 416 451 489 putes
472 404 646 468 interesse?
681 404 924 491 Quittquantne²
945 405 1062 469 bonum
1085 413 1153 480 est.
1176 407 1263 489 quod
1286 425 1350 469 non
1372 425 1463 480 etim,
1487 403 1564 488 qui

221 500 275 567 id³
296 500 457 584 possidet,
487 499 648 563 meliorem
670 499 797 564 laciti'
826 504 886 565 15.
912 502 957 565 ut
978 500 1058 563 enim
1081 498 1215 584 quisque
1238 510 1285 562 est
1307 499 1442 561 maxime
1465 497 1561 562 boni

198 595 401 681 particeps,
434 595 478 658 lta
500 592 619 656 etiami
640 591 804 657 laudabilis
825 593 980 659 maxime:
1019 615 1118 678 neque
1141 605 1189 657 est
1211 594 1306 656 ullum
1329 595 1468 667 bouum,
1503 595 1561 655 de

223 712 289 775 quo
309 710 374 753 non
396 688 442 766 is,
476 687 532 773 qui
558 664 742 762 id'habeai,
777 689 912 752 honeste
939 688 1042 772 possit
1071 687 1216 772 gloriari.
1262 688 1348 768 Quid
1369 700 1473 749 autem
1494 698 1561 750 est

224 784 360 848 horutu⁵
381 782 413 844 in
436 782 624 865 voluptate?
656 781 868 846 Melioremne
891 783 985 846 efficit
1007 793 1060 844 aut
1083 781 1318 846 laudabiliorem
1343 760 1469 843 ileum?
1502 801 1558 842 an

223 878 389 963 quisquam
418 877 451 939 in
477 876 639 967 potiundis
670 872 883 957 voluptatibus
913 877 1079 961 gloriando
1111 876 1204 953 sesef’
1226 888 1257 938 et
1287 873 1556 958 praedicationo'

224 969 490 1053 offert⁸?‘'·Atqui
511 971 537 1033 si
559 966 728 1053 volupes,
752 992 833 1055 quae
855 971 1064 1052 plurimorum
1086 968 1486 1052 petrosinustdetuditttr,
1510 967 1556 1030 in

181 1098 184 1107 1
224 1068 321 1128 rebus
343 1065 436 1128 bonis
459 1067 600 1127 habenda
623 1088 685 1128 non
709 1076 774 1137 est3
812 1084 932 1148 eaque,
963 1086 1029 1149 quo
1053 1077 1100 1128 est
1123 1062 1242 1138 lmine,
1271 1084 1311 1125 eo
1335 1060 1433 1145 magis
1455 1083 1554 1123 men·

223 1170 287 1222 tent
318 1159 357 1222 e⁹
378 1181 433 1222 sua
463 1162 538 1223 sede
567 1170 599 1222 et
627 1171 710 1223 statu
739 1159 931 1232 demovet¹⁰‚
967 1158 1117 1239 prolecto
1147 1156 1222 1220 n'ihil
1252 1167 1300 1219 est
1321 1156 1439 1218 aliud¹¹
1460 1155 1554 1218 bene

225 1264 258 1319 et
277 1252 369 1318 beate
391 1252 519 1330 vivere,
542 1252 601 1317 nisi
621 1254 752 1317 honeste
775 1263 807 1315 et
827 1264 914 1316 reete
936 1252 1061 1333 vivore.

780 1476 987 1501 m

600 1690 1064 1761 PARADOXON
1108 1692 1163 1759 11.

341 1892 424 1971 Ὀτι
447 1894 654 1989 αὖτᾰρκηςὴ
667 1894 774 1991 ’ἆρέτὴ
795 1895 878 1986 πρὸς
898 1844 1119 1985 aticiaepiwt'uu.
1314 1964 1316 1971 <

350 1996 411 2088 [ῙηΙ
429 2018 497 2083 quo
518 1992 628 2062 virute
649 1995 713 2072 etr,
737 1993 770 2058 ei
790 1995 876 2060 uiuit
896 1995 1011 2060 deesse
1031 1995 1079 2057 oct
1098 1991 1195 2058 beate
1214 1992 1420 2074 uiuendum]
1458 2004 1463 2015 ’

309 2147 362 2213 lb.
395 2148 466 2210 Nee
492 2166 571 2209 vero
597 2165 663 2231 ego
678 2146 704 2185 ¹²
734 2145 786 2207 Μ.
809 2142 970 2227 Regulum
1000 2146 1242 2223 aerumnosum,
1279 2163 1337 2205 noo
1365 2142 1541 2220 infelicem,

224 2261 283 2308 neo
304 2241 450 2304 miserum
475 2260 611 2323 unquam
633 2238 755 2322 pbtavi.
800 2240 875 2301 Nou
904 2238 985 2300 euim
1012 2237 1194 2321 magnitudo
1216 2236 1310 2299 animi
1332 2236 1398 2299 eius
1420 2239 1543 2307 crucia·

200 2336 350 2402 -butur¹³
372 2354 390 2398 a
412 2326 549 2408 Poenis,
584 2354 647 2395 non
671 2331 832 2415 gravitas,
865 2353 926 2395 non
950 2330 1046 2404 fides,
1079 2350 1143 2392 non
1165 2329 1359 2404 constantia,
1392 2351 1456 2393 non
1479 2330 1543 2393 ulla

162 2459 168 2467 ·
224 2430 344 2505 virtus,
369 2448 432 2490 non
454 2426 587 2511 denique
610 2425 729 2489 animus
752 2423 837 2509 ipse:
874 2425 946 2510 qui,
970 2435 1020 2488 tot
1043 2423 1190 2484 virtutum
1212 2422 1369 2506 praesidio
1393 2434 1542 2507 tantoque

224 2519 421 2596 comitatust,
452 2540 546 2603 quum
569 2539 688 2601 eorpus
710 2518 775 2581 eius
798 2530 985 2600 caperetur,
1019 2516 1123 2599 capi¹⁵
1145 2528 1230 2579 corte
1251 2515 1319 2599 ipse
1340 2538 1401 2580 non
1424 2516 1541 2599 potuit.

226 2616 268 2680 C.
292 2635 371 2678 voro
395 2614 534 2676 Marium
555 2611 706 2689 vidimus,
744 2611 799 2697 qui
826 2611 899 2675 mihi
925 2610 1069 2674 secundis
1091 2612 1187 2674 rebus
1210 2631 1289 2673 unus
1311 2631 1351 2674 ex
1373 2611 1541 2673 fortunatis

224 2707 424 2781 bominibus;
457 2703 647 2782 adversisffi,
672 2727 750 2768 unus
772 2728 812 2769 ex
833 2703 961 2770 stimulis
985 2704 1061 2768 viris
1084 2702 1305 2778 videbatur¹73
1334 2724 1398 2785 quo
1420 2702 1543 2765 beatius

223 2821 293 2866 esse
315 2799 441 2864 mortali
464 2798 539 2861 nihil
560 2809 679 2880 potest.
737 2802 790 2863 ti.
823 2798 954 2874 Nesois',
987 2797 1114 2873 insane,
1150 2794 1271 2872 nescis,
1304 2788 1436 2881 quantas
1458 2796 1542 2859 vires

224 2892 327 2959 virtus
348 2886 480 2966 habeat3
504 2912 617 2954 nomeu
639 2902 757 2955 tantum
780 2892 906 2955 virtutis
928 2912 1080 2974 usurpas:
1116 2889 1193 2975 quid
1212 2887 1432 2990 ipsauvaloat,x
1449 2889 1542 2973 igno·

20 3060 23 3085 Β
118 3000 120 3009 ’
223 3010 290 3055 ras.
333 2989 437 3051 Nemo
460 2996 567 3068 potest
587 3008 652 3050 non
679 2985 877 3049 beatissimus
900 3006 987 3061 esse,
1023 2983 1076 3068 qui
1100 2995 1147 3046 est
1168 2993 1253 3046 totus
1275 2994 1366 3065 aptus
1389 3004 1429 3045 ex
1450 3003 1540 3057 sese,

225 3081 344 3171 quique
375 3080 407 3145 in
438 3101 473 3144 se
507 3101 571 3143 uno
603 3100 660 3144 sua
691 3077 783 3163 ponit
815 3076 936 3142 omnia.
979 3076 1041 3142 Cui
1070 3079 1182 3159 spos¹⁸
1211 3076 1311 3141 omnis
1340 3088 1371 3139 ot
1398 3076 1482 3140 ratio
1512 3086 1543 3139 et

225 3234 1538 3263 --..-....-.......-,.----.-.-..-...-.--.-.
1586 3228 1589 3237 -

292 3328 338 3395 (1)
365 3354 403 3370 -
421 3327 538 3399 aliquem
556 3312 625 3380 Cdd.
645 3323 709 3397 aliq.
729 3321 795 3379 seh.
816 3328 843 3378 2.
862 3349 898 3366 ··
916 3340 973 3378 om.
992 3306 1113 3396 oliqrtom
1132 3324 1164 3379 L.
1185 3327 1214 3379 Ρ.
1263 3327 1302 3397 (1)
1332 3324 1380 3381 ste
1399 3328 1460 3380 Boe.
1481 3343 1543 3380 oum

223 3403 338 3480 plerisq.
366 3418 392 3457 t.
420 3406 466 3457 Cr.
494 3402 536 3456 M.
565 3402 624 3456 Mo.
653 3401 684 3454 L.
713 3399 747 3453 Η.
777 3402 814 3455 G.
842 3399 878 3453 N.
910 3427 949 3444 -
975 3400 1121 3471 quidquam
1151 3419 1177 3474 p.
1204 3402 1237 3454 V.
1265 3401 1296 3453 P.
1315 3407 1342 3462 3.
1363 3409 1389 3458 1.
1409 3408 1436 3456 2.
1461 3404 1542 3474 Borg.

224 3478 263 3553 (1)
282 3507 321 3521 —-
338 3494 395 3530 om.
413 3477 445 3528 id
462 3497 486 3550 p.
507 3493 531 3530 o.
552 3477 598 3531 Cr.
620 3479 659 3530 M.
680 3476 736 3530 ua.
758 3475 790 3530 L.
828 3473 957 3548 (Habent
977 3476 1008 3528 V.
1031 3474 1081 3548 Ρ.)
1128 3474 1165 3549 (1)
1190 3474 1238 3529 Sto
1257 3477 1312 3528 Gn.
1332 3505 1365 3517 -
1387 3485 1415 3528 et
1434 3477 1541 3541 Ceteri,

224 3569 334 3632 praeter
353 3553 417 3607 sth.
435 3558 479 3617 2.,
499 3557 563 3623 qui:
581 3579 620 3595 ·-
637 3558 690 3615 est„
728 3551 765 3616 (⁵)
785 3578 817 3592 -
839 3550 969 3621 quidnam
988 3549 1148 3602 ltorumest
1166 3552 1198 3605 E.
1236 3549 1275 3619 (⁶)
1294 3569 1309 3604 e
1328 3550 1396 3605 cdd.
1417 3559 1444 3613 5.
1463 3555 1542 3623 Seqq.
1596 3608 1606 3623 .

222 3627 430 3699 :gloriando
450 3647 480 3679 se
499 3631 528 3682 li.
551 3628 611 3680 Bas.
631 3644 657 3699 p.
678 3627 712 3678 V.
740 3653 779 3669 -
796 3626 891 3693 gloria
910 3643 969 3677 sese
988 3626 1072 3692 (Cr.)
1092 3627 1133 3680 M.
1155 3628 1212 3678 Mo.
1236 3654 1275 3668 -
1293 3626 1464 3695 gloriatione
1484 3645 1543 3678 sese

223 3706 257 3760 L.
288 3709 319 3760 P.
369 3701 407 3770 (7)
444 3730 480 3743 -
508 3700 699 3772 praedicando
730 3701 763 3753 B.
814 3700 854 3774 (⁸)
887 3728 926 3745 ι-
955 3702 1068 3751 extollit
1100 3717 1124 3754 e.
1156 3699 1208 3754 Ed.
1239 3700 1306 3755 Ven.
1337 3704 1417 3763 1487.
1449 3702 1481 3754 L.
1512 3704 1542 3756 P.

223 3781 264 3850 (⁹)
294 3798 333 3835 =
359 3797 397 3830 ex
426 3778 481 3832 Go.
510 3795 538 3850 p.
566 3777 606 3830 M.
639 3776 696 3830 Mo.
748 3771 798 3847 (¹⁰)
832 3775 879 3829 Sic
899 3791 962 3831 cnm
983 3768 1166 3849 peuoiectltl.
1187 3776 1218 3831 L.
1238 3775 1273 3828 G.
1292 3775 1327 3830 N.
1357 3805 1396 3819 —
1422 3776 1545 3828 dimovet

225 3858 328 3913 Ceteri.
374 3855 425 3921 (11)
452 3869 491 3906 ..-·..
508 3849 579 3902 nihil
595 3850 675 3901 aliud
691 3858 735 3901 est
753 3851 785 3903 B.
806 3850 860 3903 Gn.
886 3878 924 3894 ·-
943 3867 997 3903 om.
1016 3850 1095 3901 ulitul
1112 3852 1170 3904 uM.
1218 3850 1267 3924 (¹²)
1297 3880 1334 3892 —
1352 3869 1405 3920 ego
1422 3871 1491 3903 vero
1512 3854 1544 3905 B.

225 3949 267 3987 ee.
288 3935 343 3986 Gu.
388 3929 438 3996 (¹³)
467 3943 504 3979 oo
523 3927 737 3977 excruciabatur
756 3924 825 3977 Cdd.
846 3930 936 3998 pauci.
956 3927 1003 3978 Cr.
1024 3926 1114 3979 Gebb.
1138 3938 1161 3983 ί.
1182 3933 1208 3983 2.
1228 3929 1310 3997 Borg.
1328 3927 1364 3979 N.
1403 3928 1544 3992 (Uener,

225 4010 288 4065 Bet.
309 4022 372 4059 corn
391 4003 500 4078 pleriq.
527 4021 553 4073 p.
574 4016 598 4054 a.
617 4001 650 4054 V.
671 4001 712 4055 M.
733 4000 792 4054 Ma.
812 4000 841 4054 L.
863 4005 893 4056 P.
912 4008 938 4062 ὅ.
960 4002 993 4054 Η.
1015 4000 1070 4075 G.)
1120 4000 1169 4067 (11)
1197 4018 1260 4054 enm
1278 4003 1310 4053 B.
1331 4017 1358 4054 et
1379 4002 1442 4055 aliie
1460 4003 1494 4055 V.
1515 4005 1544 4055 Ρ.

226 4072 317 4137 Genu.
343 4080 425 4152 Seqq.
457 4099 494 4135 ε
518 4085 561 4128 tot
579 4095 610 4131 v.
634 4093 697 4147 pr„
730 4083 862 4147 tantoque
888 4093 912 4130 o.
930 4085 1042 4146 saeptus
1062 4095 1087 4149 p.
1108 4077 1142 4130 li.
1174 4105 1213 4118 -
1237 4084 1281 4127 tot
1297 4095 1326 4128 v.
1343 4094 1390 4148 pr.
1409 4080 1546 4143 menstrui

226 4154 240 4231 (
240 4156 340 4227 fultus
368 4153 430 4226 va.)
459 4161 592 4222 tantoque
620 4170 643 4204 e.
671 4159 782 4222 saeptus
811 4166 835 4203 a.
860 4151 908 4205 Cr.
928 4151 970 4204 M.
990 4152 1050 4204 Ma.
1081 4150 1225 4224 (qui:.-
1243 4149 1485 4226 circumsaeptus.)
1513 4154 1544 4206 l..

227 4231 279 4299 (¹⁵)
309 4259 348 4274 —
366 4236 542 4300 carperetur,
572 4231 651 4297 carpi
675 4226 722 4280 Cr.
748 4225 835 4297 Lang.
886 4223 936 4297 (¹⁶)
968 4243 1029 4280 oum
1050 4226 1119 4281 cod.
1145 4224 1227 4294 (ub.)
1253 4227 1286 4278 V.
1308 4227 1391 4297 Long.
1413 4229 1443 4280 P.
1463 4234 1490 4287 5.
1509 4228 1545 4282 G.

226 4308 265 4362 ω
283 4306 409 4358 secundis
427 4303 509 4355 rebus
533 4299 614 4377 (teil.
635 4298 782 4375 civitatis.)
803 4332 821 4343 -
840 4332 859 4344 -
876 4306 908 4353 irt
925 4300 1056 4352 adversis
1081 4300 1159 4376 (scil.
1180 4298 1319 4374 propriis)
1345 4300 1414 4354 Cdtl.
1434 4302 1498 4374 sitq.
1516 4320 1544 4375 p.

227 4383 263 4437 Η.
301 4382 364 4435 Non
384 4379 462 4434 mole.
491 4407 529 4419 -·-
552 4376 682 4429 secundis
700 4381 730 4428 iu
749 4376 830 4427 rebus
848 4407 868 4420 -
887 4406 906 4419 -
923 4394 953 4426 m
972 4377 1039 4430 adv.
1059 4380 1103 4431 Cr.
1124 4380 1164 4431 M.
1185 4376 1243 4429 Me.
1263 4377 1295 4429 L.
1317 4386 1342 4433 1.
1361 4382 1389 4432 2.
1409 4379 1490 4450 Borg.
1509 4377 1543 4431 N.

227 4454 299 4522 sed,
321 4473 403 4527 quum
424 4474 470 4527 per
492 4471 519 4506 se
539 4452 722 4524 intelligatur,
751 4469 829 4517 eom,
857 4455 905 4524 qui
925 4455 983 4524 ipse
1004 4457 1033 4505 io
1052 4450 1179 4507 secundis
1199 4451 1279 4504 rebus
1299 4456 1352 4515 rit,
1381 4469 1440 4505 esse
1460 4452 1546 4506 loetu-

226 4548 340 4597 netum‚
360 4535 383 4585 ei
404 4532 639 4603 praepositionem
658 4527 805 4599 utrobique
825 4533 960 4593 retineas,
980 4526 1127 4599 legendum
1146 4530 1198 4579 erit
1219 4542 1281 4580 eom
1300 4529 1330 4580 B.
1351 4527 1432 4597 Brut
1455 4556 1488 4571 -
1509 4544 1545 4578 eor

219 4609 478 4682 fortunatissimise
504 4608 568 4674 quia
588 4619 652 4656 sene
672 4609 760 4655 maior
779 4600 905 4656 ioetnnee
923 4602 1022 4676 gradus
1042 4602 1171 4656 eroedere
1190 4617 1289 4675 potest.
1327 4602 1472 4655 Praeterea
1492 4601 1545 4657 Gn.

226 4683 296 4742 Aut:
316 4687 347 4734 ire
364 4680 491 4733 rectrudis
508 4695 532 4731 r.
554 4675 795 4751 (-sort1motis‚
817 4678 952 4730 ominibus
971 4679 1102 4731 aduersis
1122 4676 1163 4751 Ρ.)
1214 4676 1251 4751 11)
1263 4698 1300 4734 =
1312 4674 1371 4730 vid.
1390 4684 1465 4729 viris
1482 4678 1546 4732 Bu.

226 4748 283 4829 (11)
308 4759 355 4812 sie
373 4758 406 4809 V.
426 4757 457 4809 P.
477 4758 504 4815 ὅ.
524 4752 605 4825 Seqq.
633 4783 669 4798 -
689 4758 734 4807 cut·
759 4761 852 4806 autem
875 4772 939 4826 spes
963 4774 989 4829 p.
1010 4770 1035 4811 a.
1055 4754 1096 4807 Μ.
1124 4780 1163 4798 -
1180 4758 1224 4805 cui
1247 4769 1315 4806 vero
1340 4768 1403 4824 spes
1427 4756 1489 4808 sstte.
1509 4752 1539 4806 L.

226 4862 264 4884 .-
282 4837 359 4887 eru'us
376 4840 468 4884 autem
485 4847 547 4902 spes
566 4830 624 4884 Ma.
