3384 5359
706 340 800 406 ma
821 338 852 403 1.
899 337 946 422 o,
964 339 996 402 t.
1023 339 1072 405 u.
1515 337 1555 401 rs

221 485 360 559 cordes,
393 482 643 570 concordesque
654 480 832 590 Xdicuntum
868 491 901 544 et
931 477 1048 545 Nssica
1077 478 1130 547 illo
1152 481 1310 565 prudeus,
1345 478 1394 544 bis
1417 480 1553 560 consul,

221 580 443 653 Cormdum¹3
466 589 498 641 et
1265 611 1267 616 ,

227 717 233 728 '
346 708 501 794 Egregie
523 709 672 773 cordatus
694 710 816 786 homo,
841 711 949 774 onem
970 705 1083 774 Aeliu'
1106 711 1249 773 Sextus.

223 842 276 906 19.
298 838 511 930 Empedocles
533 839 689 906 animum²
720 862 790 905 esse
812 837 920 904 censet
941 839 1032 904 cordi
1051 822 1205 904 suffusum
1228 842 1423 924 sanguinem.
1467 839 1554 906 Aliis

220 957 296 1017 pars
318 936 471 1019 quaedam
490 935 615 1000 cerebri
635 936 705 1000 visa
727 947 774 1010 est
796 934 892 999 animi
913 934 1127 1019 principatum
1147 941 1267 999 tenere:
1312 933 1393 999 Aliis
1420 955 1478 998 nec
1493 955 1551 1000 cor
1628 938 1631 966 ¹

179 1045 183 1051 ·
219 1029 323 1112 ipsum
356 1029 478 1111 placet,
510 1051 570 1093 nec
598 1028 723 1094 cerebri
749 1031 908 1115 quandam
937 1042 1057 1113 partem
1088 1050 1157 1093 esse
1180 1029 1334 1094 animum:
1368 1031 1426 1093 sed
1446 1028 1551 1100 aiiiin
1656 1077 1658 1080 ψ

220 1125 338 1198 corde,
372 1121 425 1185 alii
446 1122 479 1186 in
509 1125 643 1188 cerebro
667 1123 813 1188 &mittut
839 1124 933 1187 animi
959 1126 1154 1188 essesedem
1177 1129 1348 1189 stlocum.
1400 1120 1550 1185 Animum

219 1230 323 1282 statem
346 1217 419 1281 alii³
440 1220 588 1297 animaru,
612 1232 647 1283 ut
668 1220 737 1284 sere
760 1218 862 1282 nostri
883 1218 1043 1284 declarant
1064 1217 1249 1282 *nomiueh
1287 1219 1368 1281 Nam
1386 1191 1423 1279 let
1442 1237 1550 1300 agere
1648 1274 1653 1286 .

218 1312 392 1388 animam,
428 1323 459 1377 et
480 1314 604 1405 efflare
627 1312 776 1386 diciruus,
801 1325 834 1376 et
859 1313 1053 1389 anirnosos,
1078 1323 1111 1375 et
1131 1312 1212 1376 beno
1230 1309 1424 1388 animans,
1449 1322 1481 1373 et
1502 1334 1550 1374 ear

161 1469 165 1474 ,
218 1405 328 1476 (suinai
350 1407 558 1471 sementim.-
580 1407 657 1490 ipse
688 1407 814 1471 sutem⁶
844 1409 964 1471 animus
993 1408 1032 1468 ab
1055 1406 1157 1471 anisna
1179 1405 1284 1470 dictus
1304 1417 1364 1470 cst.
1423 1402 1550 1470 Zenoni

219 1500 332 1564 Stoico
354 1500 474 1584 animus
495 1500 579 1586 ign‘u
602 1501 739 1568 videtur.

303 1596 350 1658 X.
373 1595 437 1657 Sed
457 1596 536 1659 haec
551 1594 698 1681 quidem,
722 1617 801 1680 quae
817 1595 900 1670 dixi,
925 1617 1003 1669 cor,
1028 1594 1246 1680 sangninem,
1270 1596 1456 1674 cerebrum,
1481 1592 1549 1657 ani·

220 1711 313 1764 mam,
335 1689 453 1773 ignem,
481 1691 600 1774 vulgo:
623 1689 746 1777 reliqua
768 1688 837 1754 fere
860 1690 990 1775 singuli.
1015 1683 1068 1754 20.
1093 1692 1137 1755 Ut
1159 1689 1285 1765 †ruulti
1306 1699 1378 1768 ante
1400 1700 1548 1774 veteres,

220 1782 387 1865 proxime³
410 1794 515 1846 atatem
537 1784 770 1861 Aristoxenus,
808 1784 967 1860 musicus,
1007 1786 1154 1869 idemque
1179 1783 1411 1865 philosophus,
1449 1781 1550 1864 ipsun

218 1874 598 1958 corporisintentio'uem
615 1882 802 1963 ·quandam;
826 1878 937 1942 uelut⁹
958 1878 990 1942 in
1012 1891 1104 1941 cautu
1127 1890 1159 1941 et
1180 1876 1295 1940 fidibus
1317 1894 1397 1960 qtrae
1420 1877 1549 1939 harmo-

218 1970 270 2032 nia
293 1969 428 2046 dicitur,
452 1969 499 2034 sic
521 1993 563 2036 ex
583 1972 732 2054 corporis
748 1972 848 2044 totius
872 1986 982 2036 natura
1005 1987 1036 2037 et
1052 1975 1155 2058 figura
1174 1971 1279 2036 varios
1296 1961 1399 2034 motus
1411 1971 1435 2008 ¹⁰
1458 1959 1546 2043 cieri,

220 2073 376 2147 tamquam
400 2063 431 2126 in
454 2076 547 2128 cantu
570 2084 681 2130 sonos.
738 2065 805 2132 Hic
827 2068 866 2130 ab
889 2065 1023 2132 artificio
1046 2087 1106 2131 suo
1129 2088 1193 2130 uon
1217 2062 1366 2139 recessit,
1391 2074 1423 2126 et
1446 2073 1549 2126 tamen

219 2155 300 2219 dixit
322 2156 456 2242 aliquid,
492 2161 581 2244 quod
601 2158 703 2241 ipsum
727 2161 820 2243 quale
843 2172 945 2237 esset,
981 2173 1049 2225 erat
1071 2161 1171 2230 multo
1194 2171 1265 2222 ante
1288 2157 1352 2222 et¹¹
1370 2158 1492 2222 'dictum
1516 2167 1549 2220 et

218 2250 421 2331 explanatum
433 2254 457 2293 ¹²
486 2273 503 2315 a
536 2254 688 2318 Platone.
746 2255 948 2320 Xenocrates
980 2253 1073 2319 animi
1094 2253 1232 2338 liguram
1261 2263 1293 2316 et
1315 2250 1405 2336 quasi
1426 2272 1547 2333 corpus

218 2343 348 2427 negavit
368 2366 457 2422 esse,
496 2349 642 2411 verum¹³
665 2368 827 2411 numerum
852 2348 932 2412 dixit
953 2370 1046 2423 esse3
1084 2348 1173 2410 cuius
1196 2344 1264 2418 vis,
1299 2346 1416 2410 utiam
1439 2344 1548 2408 suisli

216 2438 425 2524 Pythagorae
458 2439 559 2504 visum
581 2452 669 2518 erat,
703 2441 737 2504 in
757 2455 868 2507 natura
900 2444 1033 2508 maxima
1057 2453 1152 2507 esset.
1210 2439 1289 2505 Eius
1312 2441 1428 2526 doctor
1449 2438 1546 2502 Plato

216 2530 374 2612 triplicem
396 2533 489 2597 fiuxit
511 2534 647 2600 animum
656 2537 701 2602 ¹⁵:
737 2537 826 2601 ossius
848 2538 1079 2620 principatum,
1117 2536 1218 2599 idest
1240 2533 1414 2607 rationem,
1439 2530 1470 2595 iu
1492 2553 1545 2602 εει,

213 2626 300 2708 pite,
335 2627 417 2692 sicut
445 2630 479 2693 iu
498 2652 592 2708 arec,
632 2631 757 2714 posuit3
795 2642 827 2695 et
850 2633 927 2696 duas
948 2641 1057 2715 partes
1078 2630 1229 2714 parere¹⁶
1253 2627 1374 2708 voluit,
1412 2627 1490 2692 iram
1514 2631 1545 2690 ei

290 2881 328 2955 (¹)
353 2882 401 2936 ste
429 2881 518 2936 PvM.
546 2881 638 2942 Gehb.
664 2881 746 2956 Seqq.
764 2907 801 2924 *-
815 2882 963 2950 [corridum
983 2881 1140 2955 appellatus
1159 2879 1307 2938 ABSECL.
1355 2877 1393 2951 (ἵ)
1411 2904 1447 2921 ·-
1466 2878 1545 2950 Emp.
1623 2863 1628 2877 '

214 2965 309 3009 struem
334 2976 382 3011 art.
411 2955 461 3013 Cd.
482 2957 577 3031 Steph.
598 2957 723 3014 ABSCV.
756 2956 813 3029 '(3)
833 2987 872 3001 -·
889 2975 946 3011 om.
966 2960 1018 3010 aiii
1037 2958 1160 3013 ABSEL.
1211 2959 1250 3024 (1)
1271 2956 1318 3009 Slo
1338 2956 1392 3019 W,
1412 2952 1442 3010 C.
1464 2961 1489 3011 23
1509 2979 1547 2998 -··

212 3033 360 3085 declarant
378 3051 478 3086 nornen
497 3035 528 3087 ll.
542 3037 573 3088 Ρ.
593 3033 685 3089 Gehh.
706 3042 732 3091 i.
752 3062 790 3076 -
809 3033 956 3086 decurras
974 3039 1116 3089 nominari
1134 3032 1196 3086 eet.
1216 3031 1401 3087 ABSECVM.
1420 3058 1460 3074 -·
1477 3036 1546 3083 ani-

145 3129 150 3138 ·
212 3125 289 3160 marn
306 3114 398 3161 nostri
416 3108 564 3161 declarant
582 3115 724 3164 nominari
749 3111 780 3163 L.
799 3125 837 3162 eo
856 3117 887 3161 ur
897 3106 969 3180 sere
988 3114 1089 3163 nostri.
1127 3109 1268 3161 Declarat
1286 3124 1387 3160 nornen
1404 3106 1440 3160 D.
1463 3104 1492 3162 Ε.
1513 3131 1547 3147 ···

212 3191 246 3234 ret
263 3180 337 3253 sere
362 3190 470 3236 nostri:
496 3188 587 3257 ipsum
612 3184 740 3238 declarat
764 3202 866 3237 uomere
888 3181 957 3240 tall.
1008 3184 1046 3260 (⁵)
1067 3185 1141 3237 llsec
1159 3202 1226 3236 tram
1245 3191 1273 3235 ei
1292 3214 1311 3227 -
1331 3213 1349 3225 ·
1369 3212 1388 3225 -
1407 3187 1547 3233 sententia

211 3257 251 3312 D.
268 3258 316 3331 [].
336 3285 371 3301 -
389 3267 418 3311 et
436 3264 577 3312 animosos
596 3293 615 3304 -
635 3297 652 3307 -
671 3292 690 3304 -
709 3265 851 3313 sementia
871 3259 936 3314 sch.
957 3269 983 3317 2.
1003 3261 1052 3335 [].
1072 3258 1165 3314 Bentl.
1188 3275 1277 3312 totum
1297 3257 1316 3311 l.
1337 3261 1379 3312 sle
1393 3263 1546 3311 constitues

142 3355 148 3374 ν
202 3333 275 3402 ¹hsts
295 3363 332 3378 -
351 3339 493 3399 animam,
521 3345 552 3388 ue
563 3334 635 3409 sere
654 3341 746 3388 nostri
751 3357 762 3396 ,·
787 3334 915 3388 declarat
935 3354 1035 3389 nornen
1053 3340 1159 3408 ipsurrsr
1179 3353 1247 3387 nans
1265 3338 1376 3385 artimus
1394 3333 1430 3385 ab
1449 3337 1546 3384 anim

211 3409 365 3463 dicturas.
385 3411 509 3465 Praestat
522 3427 612 3466 tamen
625 3411 716 3466 inillis
726 3416 907 3464 etatumosos
918 3408 1101 3488 cetJtoytnou
1111 3407 1287 3487 &piorum
1300 3411 1444 3463 Ciceronis
1459 3411 1543 3481 ipsius

212 3500 382 3557 qnoscere,
408 3504 489 3558 quem
515 3489 661 3562 glossema.
687 3491 737 3556 (-
763 3486 889 3540 dicimus.
920 3489 1050 3541 Dicinurr
1074 3495 1103 3540 et
1127 3471 1212 3539 anian.
1239 3482 1273 3538 de
1300 3486 1390 3539 Bouh.
1411 3483 1440 3540 Ε.
1463 3480 1545 3554 Lali.)

225 3557 250 3634 ⁶)
269 3566 391 3614 -errim
408 3561 443 3615 D.
464 3561 493 3618 Ε.
531 3561 569 3637 (⁷)
589 3583 603 3616 e
626 3564 746 3616 Manutil
767 3560 818 3618 Cd.
838 3566 898 3628 (uhi
918 3562 947 3619 Ε,
968 3568 1009 3617 sic
1028 3561 1205 3616 emendatum
1226 3559 1395 3626 viderunt).
1410 3558 1477 3613 Laii.
1493 3553 1547 3614 WJ
1638 3583 1641 3600 ι

212 3641 239 3691 2.
259 3666 296 3679 -
315 3653 371 3688 oru.
397 3643 564 3706 sanguinem
583 3656 649 3692 cum
668 3636 737 3691 Cdd.
760 3653 868 3691 tautum
888 3658 944 3692 non
963 3636 1092 3692 omnihus
1111 3639 1238 3697 Priores,
1264 3652 1292 3689 et
1312 3636 1377 3688 Ern.
1396 3647 1420 3693 1.
1441 3633 1483 3710 (ὃ)
1498 3633 1545 3686 Sic

211 3710 246 3763 de
271 3712 363 3766 Bentl.
393 3719 529 3766 sententis
558 3713 708 3768 distinxere
737 3713 772 3766 D.
791 3713 844 3770 W.
866 3720 893 3768 2.
912 3744 951 3757 -
969 3715 1078 3785 reliqua
1095 3711 1167 3785 fere
1185 3713 1307 3780 singuli,
1328 3719 1360 3763 nt
1379 3712 1460 3762 mirltr'
1478 3718 1544 3761 ante

206 3795 328 3842 veteres.
376 3787 507 3841 Proxime
527 3792 657 3857 Priores,
688 3805 716 3842 et
736 3790 802 3842 Eru.
825 3799 850 3845 1.
869 3791 950 3842 multi
969 3806 1072 3863 pugnet
1091 3806 1155 3856 epm
1174 3808 1199 3842 u.
1218 3788 1334 3856 singrds'.
1354 3802 1392 3839 so
1411 3795 1442 3838 ut
1458 3785 1545 3838 mrrltn

210 3872 277 3915 ante
296 3862 329 3916 de
349 3864 440 3917 Bentl.
459 3863 490 3920 Ε.
511 3865 579 3918 lel.
599 3895 638 3907 -
656 3874 688 3915 ut
706 3864 796 3917 mirica
814 3874 882 3916 ante
902 3866 954 3921 W.
975 3864 1005 3922 Ε.
1025 3871 1052 3920 2.
1074 3869 1182 3937 (sicque
1202 3866 1303 3920 Nissen
1324 3859 1457 3935 volebst.)
1489 3857 1544 3916 Sed

207 3943 314 3992 iustam
327 3944 534 4013 oppositionem
556 3945 585 3994 in
604 3941 656 3994 hec
670 3940 734 3994 lect.
754 3936 872 4003 iortssse
892 3940 1039 4007 desideres,
1060 3945 1083 3994 si
1104 3957 1200 3994 sensus
1220 3955 1277 3996 est:
1298 3954 1357 4004 „ut
1377 3938 1466 3992 multo
1481 3953 1544 3990 anre

210 4014 318 4086 (nostra
338 4031 480 4088 tempors,
506 4025 560 4071 isru
581 4031 644 4069 ante
663 4012 823 4086 Socrsteru)
854 4031 955 4070 veteres
975 4018 1081 4090 aliquot
1101 4015 1279 4089 philosophi,
1306 4018 1374 4068 estis
1395 4029 1408 4065 s
1432 4013 1545 4066 Pleione

209 4088 341 4157 reinseri,
360 4094 483 4144 snirnum
504 4109 554 4165 pro
573 4092 717 4145 hermonis
738 4090 913 4156 hshnerunr,
933 4097 975 4144 sic
994 4098 1063 4146 item
1081 4096 1204 4164 proxime
1219 4090 1427 4152 Aristoxenne.'’
1448 4091 1544 4142 Potest

210 4180 305 4218 tamen
336 4163 432 4219 referri
460 4165 496 4218 sd
519 4168 625 4219 multas
644 4171 808 4240 opiniones,
840 4169 1050 4242 quassingulss
1070 4165 1328 4221 commemorandas
1348 4181 1405 4218 non
1425 4162 1550 4217 ducebas

209 4255 319 4314 praeter
339 4245 512 4308 Aristoxeni,
535 4233 721 4306 Xenocratis,
742 4241 882 4306 Platonis,
903 4243 1088 4306 Dicaearchi,
1107 4244 1266 4297 Aristotelis
1286 4257 1317 4294 es
1338 4241 1371 4294 de
1384 4258 1414 4294 re
1429 4255 1544 4292 senten-

208 4321 274 4370 tias.
299 4331 338 4370 eo
363 4325 395 4368 ut
413 4319 495 4369 multi
513 4321 601 4371 muita
620 4327 688 4370 ante
703 4319 813 4371 dieislrii
833 4336 907 4388 susp.
927 4345 965 4363 -
984 4330 1017 4374 at
1035 4319 1116 4372 multi
1135 4328 1208 4370 ante·
1221 4315 1374 4391 Wyttenh.
1394 4315 1428 4368 sd
1447 4314 1545 4369 Phae„

207 4391 274 4444 don.
294 4409 321 4465 p.
341 4394 407 4454 918.
446 4393 484 4468 (⁹)
507 4423 546 4437 -
569 4394 618 4446 net
640 4401 672 4445 ut
691 4392 725 4446 de
751 4394 857 4447 itetrttt
878 4392 909 4450 (i.
931 4397 982 4452 W.
1002 4403 1035 4454 2:
1049 4395 1117 4448 Vide
1139 4393 1207 4449 adu.
1227 4423 1260 4437 -
1282 4399 1310 4444 et
1329 4401 1359 4445 ui
1377 4391 1445 4445 Ern.
1466 4407 1540 4463 susp.

142 4453 147 4480 ¹
205 4467 258 4534 (¹⁶)
277 4493 320 4512 -·
346 4474 446 4524 varior
464 4476 552 4522 arrimi
571 4476 662 4521 rantur
688 4469 753 4523 Sch.
775 4486 854 4543 susp.
905 4469 957 4544 (Η)
980 4500 1015 4514 -
1034 4487 1091 4523 orn.
1109 4478 1138 4521 et
1158 4471 1216 4523 CV.
1268 4467 1321 4541 (¹2)
1340 4497 1378 4514 -
1396 4468 1541 4536 explosum

206 4542 358 4616 Wyttanh.
379 4562 454 4619 susp.
474 4575 512 4589 --
531 4565 567 4599 m.
587 4554 653 4598 ente
673 4552 790 4598 eiectum
808 4553 837 4597 et
856 4547 1001 4617 explosum
1021 4545 1087 4601 seh.
1107 4563 1182 4620 susp.
1231 4543 1282 4618 (¹³)
1308 4539 1346 4589 ¹-
1364 4559 1421 4592 em
1441 4541 1542 4603 “Humi

204 4636 304 4669 verum
325 4617 396 4675 Cdd.
416 4621 480 4691 aliq.
501 4621 604 4675 ABSB.
624 4649 663 4664 -
681 4638 757 4686 esse,
778 4621 857 4672 tunm
875 4641 944 4673 vero
964 4642 992 4677 n.
1012 4622 1055 4675 El.
1078 4627 1162 4696 prim.
1182 4650 1218 4664 -·
1237 4639 1296 4672 esre
1316 4619 1420 4678 wiltun,
1440 4634 1542 4667 meme-

205 4713 269 4745 rrsus
285 4693 364 4747 ds‘str
382 4713 406 4747 e.
426 4697 506 4749 Men.
527 4695 598 4769 apud
629 4697 662 4750 D.
683 4725 720 4739 -
739 4714 799 4750 esse
819 4698 920 4757 relisum,
947 4716 1051 4751 aterum
1072 4715 1215 4750 rrrrnserum
1232 4697 1344 4749 dieite.
1358 4690 1452 4745 Bentl.
1467 4707 1542 4762 susp.

205 4767 259 4843 (¹⁸)
276 4790 315 4827 =
332 4779 418 4822 arura
436 4771 571 4827 BSEML.
595 4781 620 4829 i.
641 4772 691 4845 (¹⁵)
711 4770 745 4824 de
765 4773 858 4827 Bentl.
876 4772 906 4828 Ε.
930 4777 962 4826 D.
982 4774 1034 4829 W.
1055 4783 1081 4829 2.
1096 4801 1130 4815 ·—
1144 4779 1268 4838 aruimus
1288 4771 1316 4823 h.
1336 4766 1541 4822 PABSECVM.

205 4854 233 4902 1.
253 4874 290 4887 ·-
309 4850 397 4898 aminsi
426 4856 562 4900 natrtram
591 4849 621 4900 Ι...
669 4846 720 4913 (¹⁶)
745 4867 760 4901 e
790 4853 879 4901 varie.
901 4851 934 4901 D.
956 4849 1026 4902 Lall.
1049 4861 1073 4907 1.
1095 4852 1146 4902 W.
1166 4854 1196 4912 2,
1212 4877 1250 4888 ·-
1267 4861 1400 4916 separare
1421 4840 1541 4894 Priores.

205 4917 258 4994 (eo
276 4926 303 4972 ei
327 4921 399 4974 datas
413 4943 444 4994 p.
460 4942 564 4995 parere
593 4922 646 4977 De.
666 4922 787 4981 (litem
808 4918 917 4980 uiisnn.
940 4925 1041 4980 Pisces.
1060 4953 1098 4968 —-
1117 4932 1146 4976 ei
1165 4921 1194 4977 d.
1210 4944 1239 4993 p.
1259 4928 1285 4975 ei
1300 4933 1404 4993 parere
1424 4915 1477 4969 Dh.
1498 4912 1543 4984 Ε.)
