3384 5359
442 334 549 402 ean.
564 337 618 429 ¹v.
642 333 685 401 c.
707 336 741 401 n.
764 368 805 381 -
827 334 936 403 eun.
959 336 1025 402 v1.
1069 336 1112 403 e.
1137 339 1169 401 1.
1409 338 1470 403 193

138 489 198 544 est
224 487 317 559 turpe
338 496 402 540 non
424 479 556 540 neddere
567 480 590 543 1.
642 477 706 559 sed
732 470 812 540 haee
833 436 996 540 haeteinus.
1047 477 1128 541 11102
1152 477 1274 554 videat,
1309 480 1473 560 quomodo

138 570 328 653 imperator
355 590 425 634 esse
453 570 574 653 possit:
611 572 707 655 quum
736 592 807 635 cusu
836 592 875 636 ue
903 571 1036 635 liberum
1067 571 1194 657 quidem
1225 592 1294 636 esse
1322 570 1405 651 natio
1442 582 1473 635 et

142 665 273 729 veritas
294 664 363 748 ipsa
386 664 567 729 convincat.

705 822 923 839 m

449 1054 988 1177 ''PARAD'OXON
1034 1054 1106 1165 Vl.

231 1223 314 1299 “Ori
334 1225 436 1319 μόνος
458 1227 477 1298 ὁ
498 1230 626 1325 stopie³
646 1229 813 1315 πλούσιος.
853 1222 856 1229 “
939 1256 944 1265 ·

241 1329 377 1407 [Sohsm
396 1327 586 1411 sapientem
606 1350 680 1393 esse
702 1331 869 1413 divitem]

242 1506 273 1570 1.
300 1507 363 1572 ·19.
400 1506 492 1588 Quae
521 1517 569 1573 est
595 1506 654 1572 ista
674 1507 705 1572 in
728 1513 1001 1575 commemoranda
1023 1506 1153 1593 pecunia
1176 1518 1230 1573 tua
1254 1519 1314 1575 tam
1336 1507 1475 1574 insolens

153 1598 356 1666 ostentatio?
386 1600 521 1664 Solusne
544 1604 600 1664 tul
621 1602 731 1667 dives?
759 1605 828 1668 Pro
852 1605 907 1667 Dii
936 1604 1149 1668 immortales!
1179 1622 1281 1686 egone
1309 1622 1360 1665 sue
1388 1603 1476 1666 auidi·

155 1695 265 1758 visse⁵
288 1693 406 1779 aliquid
427 1706 459 1758 et
481 1694 646 1759 didicisse⁶
680 1718 744 1760 non
775 1697 953 1782 gaudeam?
987 1698 1122 1762 Solusne
1153 1694 1287 1760 dives⁷?
1317 1693 1418 1777 Quid,
1449 1695 1477 1760 si
1539 1722 1552 1751 x

157 1809 199 1852 ne
221 1788 311 1851 (lives
332 1786 485 1872 quidem?
507 1788 600 1872 qnid,
624 1788 650 1851 si
671 1811 794 1872 pauper
815 1789 932 1863 etiam?
955 1791 1057 1872 Quem
1077 1788 1157 1871 enim
1177 1787 1379 1874 intelligimus
1396 1791 1478 1855 divi·

157 1880 248 1944 tem?
277 1893 329 1943 aut
358 1883 421 1945 hoe
443 1883 575 1946 verbum
604 1881 723 1967 inquo
753 1881 880 1946 homine
908 1882 1082 1966 ponimus?
1112 1882 1241 1965 Opinon
1270 1883 1300 1946 iu
1332 1905 1391 1962 eo,
1422 1884 1476 1948 cni

139 1976 267 2047 „tanta⁸
287 1974 451 2056 possessio
475 1987 540 2052 est,
565 1988 600 2038 ut
622 1976 682 2038 ad⁹
710 1975 886 2057 liberaliter
916 1978 1083 2041 vivendum
1105 1975 1198 2040 laeile
1226 1987 1392 2041 contentus
1414 1977 1475 2042 sit:

159 2069 214 2152 qni
240 2068 319 2133 niun
347 2081 497 2152 qitaerat,
536 2069 612 2133 nihil
640 2082 787 2153 appetat,
824 2071 901 2134 nihil
930 2081 1021 2153 optet
1050 2070 1196 2151 amplius.
1252 2071 1306 2134 ts.
1342 2070 1477 2135 Animus

159 2172 291 2245 oportet
312 2174 383 2225 tutis
404 2175 437 2226 te
448 2163 473 2202 ¹⁰
494 2161 609 2226 iudicet
631 2162 775 2249 divitem,
797 2186 861 2229 non
883 2165 1044 2230 hominum
1067 2185 1192 2240 sermo,
1226 2184 1329 2246 neque
1349 2182 1479 2245 posses·
1504 2228 1507 2231 .

160 2253 267 2319 siones
288 2266 380 2319 maes
417 2253 494 2318 nihil
515 2255 577 2319 sibi
598 2258 708 2343 deesse
730 2268 838 2339 putet,
872 2258 949 2322 nihil
981 2268 1070 2322 curet
1100 2257 1233 2340 amplius
1243 2259 1282 2320 11.
1337 2256 1478 2322 satiatus

159 2340 262 2424 est¹²,
286 2359 340 2412 ant
361 2358 531 2413 contentus
553 2349 680 2412 etiam¹³
701 2351 852 2432 pecunia:
877 2354 1038 2425 concedo,
1062 2350 1152 2413 dives
1173 2371 1206 2413 es
1218 2349 1256 2414 11.
1299 2349 1355 2414 Sitl
1374 2363 1477 2416 anetem

158 2453 297 2526 propter
318 2441 498 2505 aviditatem
520 2441 671 2525 pecuniae
693 2442 810 2506 nullum
833 2455 997 2529 quaestum
1020 2454 1146 2526 turpem
1167 2453 1278 2525 putas,
1308 2465 1404 2529 quum
1424 2443 1480 2508 isti

159 2534 301 2600 orslini¹⁵
329 2557 369 2598 ue
390 2536 542 2599 honestus
565 2536 689 2620 quidem
711 2536 815 2618 possit
843 2538 948 2602 esse¹⁶
977 2538 1079 2612 ullus3
1110 2538 1138 2601 si
1166 2537 1307 2622 quotidie
1335 2538 1476 2614 ineundas,

160 2626 301 2712 desipis,
331 2628 457 2711 poscis,
486 2628 678 2712 pacisceris,
706 2629 831 2707 aufers,
863 2631 978 2713 eripis3
1013 2632 1040 2694 si
1050 2631 1075 2670 ¹⁷
1096 2630 1206 2696 socios
1226 2631 1363 2715 spolias,
1387 2653 1480 2696 aera·

160 2722 280 2788 sinm¹⁸
302 2722 443 2805 expilas3
476 2722 503 2787 si
524 2734 709 2786 testamenta
730 2722 904 2787 amicorum
926 2736 1109 2808 exspectas,
1141 2737 1195 2788 aut
1216 2746 1255 2789 ne
1276 2724 1481 2808 exspeetu¹⁹

119 2815 307 2902 '.qui‹lem,
342 2818 474 2902 atque’⁰
502 2816 571 2900 ipse
600 2815 772 2900 supponist
805 2819 884 2881 haec
912 2829 1016 2882 utrum
1046 2818 1249 2896 abundantis,
1287 2839 1326 2882 an
1357 2815 1481 2906 egentis

161 2908 253 2994 signa
282 2909 380 2973 sunt?
409 2911 488 2976 'th
524 2909 659 2976 Animus
691 2910 826 2975 hominis
858 2910 966 2988 dives,
1005 2933 1069 2976 uon
1099 2933 1171 2976 area
1201 2911 1356 2997 appellari
1384 2912 1479 2976 solet.
1555 2970 1567 2979 .

162 3001 318 3083 Quamvis
337 3002 390 3066 illa
414 3004 453 3067 sit
474 3003 584 3086 plena,
615 3005 689 3066 ‹lum
711 3014 742 3068 te
763 3005 885 3069 inanem
908 3005 1076 3082 videbo²¹,
1109 3005 1237 3069 divitem
1259 3026 1322 3069 non
1344 3007 1479 3086 putabo.

161 3095 290 3162 Etenim
311 3117 351 3159 ex
374 3118 433 3174 eo,
465 3109 615 3182 quantum
638 3097 751 3182 cuique
772 3099 880 3163 satis²⁹
903 3110 969 3175 est,
1001 3099 1170 3163 metiuntur
1191 3098 1334 3162 homines
1354 3097 1480 3161 divitia·

97 3182 103 3205 *
161 3209 233 3252 enm
254 3191 395 3256 modum.
447 3189 559 3254 Piliam
588 3188 659 3275 quis
686 3192 800 3267 haben
837 3194 971 3275 pecunia
999 3204 1047 3257 est
1075 3213 1177 3275 opus:
1211 3195 1307 3267 duass
1340 3191 1480 3256 maiore:

159 3282 289 3369 phuss3
325 3283 443 3359 maiore
466 3283 605 3348 etiamn.
656 3286 735 3349 En*
762 3285 808 3365 si,
843 3298 880 3351 ut
900 3286 1006 3363 aiunt,
1044 3286 1213 3364 Danaae,
1246 3285 1481 3373 quinquaginta

238 3530 277 3608 (¹)
301 3562 338 3578 ·-
360 3538 417 3586 nus
441 3531 515 3606 quod
538 3540 618 3604 turpe
643 3541 702 3600 est,
731 3550 789 3586 non
813 3530 892 3586 redd.
912 3530 1009 3587 Dulsb.
1036 3530 1092 3586 Gn.
1117 3528 1199 3605 prob.
1224 3529 1328 3585 Ges-oh.
1354 3534 1384 3584 in
1404 3526 1481 3581 ΑΜ.

813 3606 819 3623 O

163 3608 203 3685 (¹)
219 3638 259 3652 -
275 3613 334 3682 ipse
353 3612 385 3664 B.
404 3624 443 3663 so
459 3614 514 3661 s'sts
533 3609 565 3663 L.
613 3607 652 3676 (³)
677 3636 716 3651 -
741 3609 845 3683 ὁσωφ
868 3627 911 3667 ων
930 3612 1001 3661 mles
1020 3607 1104 3680 Borg.
1123 3624 1197 3681 susp.
1243 3606 1337 3674 (1)-
1355 3604 1431 3657 solus
1449 3611 1482 3656 tu
1499 3632 1519 3653 ,ι

163 3704 200 3739 ne
223 3683 249 3739 d.
276 3703 304 3759 p.
348 3683 385 3752 (⁵)
409 3706 448 3743 ς,-
472 3682 583 3735 audisse
602 3685 663 3738 Bes.
683 3682 739 3738 Gn.
759 3683 805 3737 Cr.
824 3626 867 3739 Μρ
889 3685 946 3738 Ma.
967 3684 998 3736 L.
1017 3684 1049 3735 P.
1096 3679 1134 3749 (1)
1158 3710 1196 3724 -
1220 3689 1270 3733 aut
1293 3681 1481 3736 assusatus.

165 3758 205 3834 (⁷)
222 3788 261 3803 -
277 3761 354 3813 solus
371 3777 406 3811 ne
425 3767 457 3811 tss
475 3758 575 3811 dives?
599 3757 670 3813 edd.
689 3758 754 3829 sttq.
775 3777 801 3830 p.
820 3760 868 3814 Cr.
888 3759 929 3813 M
950 3760 1008 3819 Ms.
1030 3757 1061 3811 L.
1080 3758 1111 3812 P.
1131 3756 1183 3831 (Ut
1201 3773 1268 3821 nos,
1290 3756 1322 3810 B.
1342 3757 1406 3809 Bas.
1425 3754 1481 3809 Gn.

165 3836 201 3888 V.
213 3840 241 3898 5.
254 3834 348 3908 seqq.)
392 3832 432 3907 (⁸)
455 3863 493 3877 —
517 3840 548 3885 ln
571 3851 624 3904 quo
649 3841 734 3886 tanta
752 3835 784 3889 Β.
803 3835 867 3889 Bas.
888 3834 943 3890 Gn.
984 3830 1025 3908 (⁹)
1050 3860 1085 3875 -
1105 3840 1136 3884 ut
1154 3850 1189 3884 ee
1206 3831 1247 3884 ad
1263 3832 1294 3885 L.
1338 3829 1392 3902 (111)
1416 3845 1483 3883 oum

166 3904 237 3963 cdd.
256 3909 320 3982 aliq.
340 3912 440 3966 Graes.
459 3914 487 3971 5.
505 3910 541 3965 ll.
562 3908 630 3963 Lall.
650 3910 686 3963 G.
707 3908 813 3963 Oehsn.
827 3909 888 3963 Bel.
901 3927 929 3984 p.
943 3911 1007 3967 291.
1025 3923 1064 3961 oo
1080 3907 1233 3971 secessit,
1253 3910 1338 3959 etlam
1351 3905 1385 3958 N.
1401 3906 1484 3977 Borg.

166 3990 217 4052 (-
234 3990 345 4039 ammos
366 3990 440 4037 enim
465 3992 530 4037 tuus
554 4001 599 4056 op.
624 3999 649 4038 a.
668 3985 713 4037 Cr.
734 3983 779 4039 M.
798 3984 857 4039 Mt.
884 3988 914 4038 L.
938 4010 977 4026 -
1001 3988 1112 4035 animus
1136 3990 1230 4034 macen
1253 3989 1318 4033 tosus
1341 3998 1386 4051 op.
1406 3977 1484 4053 Bas.)

167 4062 218 4128 (¹¹)
236 4059 284 4115 Sic
302 4059 370 4117 edd.
388 4064 454 4115 mel.
475 4061 604 4121 emus.
626 4069 651 4117 1.
671 4062 698 4113 2.
719 4058 755 4113 G.
774 4060 810 4113 N.
849 4061 920 4113 Item
938 4058 988 4125 V.‚
1011 4062 1066 4112 nisi
1086 4055 1174 4130 qnod:
1193 4083 1232 4098 -
1252 4064 1339 4127 pietat
1355 4085 1375 4100 ·
1392 4074 1485 4109 -eu-
1535 4080 1541 4086 ·

167 4144 226 4189 rat.
245 4165 280 4180 -
297 4141 344 4207 qui
362 4134 434 4188 nitu
448 4152 474 4191 s.
492 4133 521 4189 d.
536 4142 637 4208 putat,
657 4151 685 4187 n.
704 4142 788 4186 meret
807 4153 834 4207 p.
853 4136 899 4190 Cr.
918 4135 961 4189 Μ.
981 4133 1041 4199 (sed
1061 4134 1089 4186 ht
1109 4130 1178 4185 dun:
1200 4130 1254 4183 sibl
1272 4130 1364 4199 nihil.)
1383 4160 1419 4174 -
1437 4135 1485 4203 qest

166 4216 194 4263 sl
210 4210 261 4263 eihs·
279 4210 351 4264 nitu
366 4210 393 4266 d.
408 4219 512 4283 pistas,
532 4210 604 4262 nihil
618 4225 702 4262 essm
719 4228 748 4262 a.
765 4210 823 4263 Ma.
844 4239 881 4254 ·-
906 4209 938 4262 St
956 4209 1008 4262 ttbe'
1025 4207 1097 4260 must
1114 4207 1207 4260 deesse
1221 4214 1323 4279 putas,
1343 4203 1416 4258 nihil
1430 4224 1485 4260 eu-

162 4303 218 4339 ‘ns
234 4304 264 4340 a.
282 4287 315 4341 L.
333 4316 373 4330 -
389 4285 461 4339 must
477 4285 528 4338 uhi
545 4286 638 4338 deesse
653 4285 761 4355 putas?
788 4283 861 4337 must
882 4301 965 4336 curas
990 4284 1039 4338 eu?
1052 4330 1056 4339 ,
1068 4287 1098 4338 Ρ.
1124 4311 1163 4326 -
1187 4287 1234 4353 φα·
1250 4287 1277 4334 st
1294 4282 1348 4334 sibl
1365 4280 1438 4334 utlaii
1453 4280 1482 4336 d.

165 4370 265 4434 putat,
291 4361 363 4414 ntles'l
384 4368 467 4415 wat
490 4378 517 4416 a.
544 4362 579 4415 Η.
624 4360 675 4426 (11)
699 4387 738 4403 -
762 4377 793 4412 es
817 4356 887 4414 cdd.
913 4359 977 4431 ellq.
1003 4359 1062 4413 Mt.
1081 4360 1113 4412 L.
1133 4359 1163 4412 P.
1188 4387 1228 4400 -
1251 4362 1277 4410 st
1302 4364 1360 4411 sat.
1385 4365 1430 4409 est
1448 4358 1484 4410 Η.

168 4436 218 4504 (11)
241 4452 281 4492 ω
305 4454 362 4490 om.
388 4441 474 4493 etiam
493 4438 526 4491 B.
545 4435 601 4490 Gn.
621 4433 741 4489 Pseetol.
788 4437 839 4503 (11)
864 4459 900 4476 -
923 4433 1004 4487 dives
1027 4441 1071 4487 est
1095 4436 1126 4488 B.
1148 4433 1202 4489 Gn.
1222 4431 1254 4485 E.
1275 4451 1303 4507 p.
1323 4433 1369 4485 Cr.
1390 4433 1423 4488 V.
1442 4431 1485 4485 M.

168 4508 218 4586 (¹⁵)
237 4540 274 4556 -
293 4517 350 4566 teto
369 4511 466 4567 ordine
486 4509 556 4565 cdd.
575 4510 640 4581 aliq.
659 4512 692 4566 Ρ.
728 4508 781 4579 (11)
799 4529 839 4566 ·.·.·
851 4516 915 4561 ‘esse
929 4515 1022 4581 possit
1041 4510 1087 4563 Cr.
1101 4510 1144 4565 Μ.
1158 4509 1217 4563 Me.
1231 4508 1266 4562 ll.
1304 4505 1409 4582 (17)-
1428 4521 1485 4559 om.

168 4587 221 4641 hoc
239 4592 266 4639 sl
283 4592 317 4643 V.
335 4606 364 4660 p.
408 4585 459 4662 (¹⁸)
481 4602 518 4640 so
536 4591 562 4637 ss'
580 4603 639 4639 aer.
659 4585 722 4639 Bas.
742 4586 840 4640 Dulsb.
860 4583 939 4660 prob.
960 4584 1065 4641 Geenh.
1085 4588 1115 4637 in
1133 4581 1208 4637 Add.
1254 4582 1303 4650 (¹⁹)
1321 4611 1359 4625 -
1376 4584 1486 4653 expetis

170 4693 188 4707 -
205 4694 224 4706 -
242 4672 361 4735 expetas
379 4681 406 4735 p.
425 4677 451 4715 s.
508 4659 546 4733 ²⁰)
572 4663 619 4714 Sle
640 4659 711 4725 ced.
735 4665 801 4715 mei.
827 4679 854 4733 p.
874 4661 920 4715 Gr.
942 4662 983 4715 M.
1003 4660 1062 4715 Ma.
1082 4659 1113 4714 L.
1133 4663 1160 4719 3.
1180 4657 1262 4729 Seqq.
1288 4685 1325 4703 --
1349 4664 1382 4708 at
1401 4656 1434 4706 V.
1454 4655 1485 4709 Ρ.

170 4736 219 4813 (71)
236 4754 276 4793 οὒ
292 4737 375 4790 video
394 4734 465 4791 Cdd.
514 4741 551 4808 ’φ
571 4736 618 4790 Cr.
638 4736 680 4789 Μ.
699 4763 738 4779 —
756 4734 850 4790 videro
868 4735 928 4789 vM.
966 4734 1016 4810 (²²)
1036 4764 1073 4778 -
1092 4743 1140 4787 sat
1158 4732 1265 4786 (ln-M.
1286 4732 1353 4787 Mt·-
1381 4729 1431 4798 (²³)
1448 4750 1487 4788 =

170 4818 254 4866 stiam
271 4819 337 4867 mai.
357 4813 391 4867 11.
410 4840 449 4855 -
468 4827 524 4865 om.
543 4817 630 4864 ettam
648 4808 716 4865 cdd.
736 4810 802 4883 altq.
820 4813 866 4865 Cr.
884 4810 927 4865 M.
947 4813 1004 4867 Mn.
1032 4808 1094 4939 18²4)
1111 4823 1150 4863 ee
1168 4824 1225 4861 om.
1243 4816 1273 4861 et
1291 4803 1392 4864 Dulsb.
1408 4821 1435 4862 a.
1452 4807 1485 4861 V.

170 4887 201 4943 L.
220 4889 252 4943 P.
289 4887 344 4956 (²⁵).
360 4904 375 4942 s
394 4884 446 4943 Cd.
467 4887 564 4942 Dnisl).
585 4886 664 4943 Aliis.
684 4886 750 4953 Em.
771 4894 797 4946 1.
817 4891 845 4942 2.
865 4885 901 4941 G.
921 4885 959 4941 N.
976 4915 1015 4930 -
1063 4888 1132 4938 assat
1150 4883 1252 4939 Ceterl.
1281 4924 1286 4933 .

200 4964 224 5037 Ι
