3384 5359
146 305 165 342 ⁰
535 354 542 365 κ
709 314 774 382 AD
798 316 891 383 LIB.
914 316 946 383 1.
1395 322 1398 332 '
1428 318 1492 384 itt

163 475 200 513 ex
218 460 322 512 nostris
343 453 428 512 codd.
447 470 600 530 agnoscunt
619 455 701 512 ast.
737 456 813 530 Ergo
833 472 909 513 totus
928 455 1024 527 locus,
1047 476 1109 511 ιιιιιι
1127 457 1211 513 nando
1230 464 1255 513 si
1275 462 1305 514 in
1325 467 1385 512 tum
1402 474 1493 513 muta·

163 538 249 599 reris,
268 537 311 587 sic
329 529 540 587 constituendus
559 547 617 586 est:
637 533 753 602 „Quam
774 538 919 602 regionem
935 551 1018 604 qutun
1035 539 1183 606 superavit
1201 540 1319 600 αιιίιιιιιι,
1339 543 1492 586 naturam-

162 628 217 682 qtte
240 613 286 660 sui
309 609 429 660 similem
454 612 576 676 contigit
600 616 629 659 et
653 608 969 677 agnovit,1UNCTIS
993 628 1030 660 ea
1055 613 1152 661 anima
1176 615 1254 662 tenui
1279 618 1319 665 et
1333 628 1370 661 ex
1388 610 1504 661 ardore'

163 685 236 738 solis
255 692 411 755 temperato
430 681 543 753 ignibus
564 686 681 736 insistit.
720 683 804 749 TUM
823 689 897 735 enim
915 689 960 735 sui
977 684 1095 736 stnulent
1113 693 1141 738 et
1158 687 1306 738 leuitatem
1323 694 1353 737 et
1370 686 1493 737 colorem

164 759 301 831 adeptus,
326 766 467 831 tamquam
481 756 599 828 paribus
617 764 797 810 canusinatus
811 759 984 829 ponderibus
1006 761 1148 812 rudiam·
1137 779 1168 812 ιιι
1187 769 1304 833 partem
1328 760 1492 813 ιιιιιιιιιιιι.η

163 833 336 891 Emendatio
356 839 502 906 perspicua
522 847 572 885 est.

241 910 344 963 *(ἰιι.
358 911 440 964 xlx.
465 911 600 962 Patritatn
620 908 699 960 illam
714 916 743 960 et
758 915 868 961 avitam
865 904 1097 987 philosophiam]
1119 910 1165 964 Sit·
1184 925 1320 984 reponunt
1338 928 1370 962 ex
1388 910 1494 976 Nouio,
1600 972 1604 975 Ι

166 984 512 1054 interminatum
530 988 619 1036 nostri
637 999 732 1037 omnes
746 984 856 1038 codices
865 978 917 1038 hic
931 987 1077 1051 exhibent,
1097 986 1261 1040 PATRIAM
1277 986 1356 1037 iilam
1375 994 1405 1037 et
1423 989 1493 1038 avi-

168 1068 239 1113 tam.
276 1060 372 1130 Neque
391 1059 484 1113 Nonio
504 1057 584 1110 fidem
605 1059 753 1123 habemus,
772 1076 855 1130 quum
877 1077 905 1114 et
925 1060 991 1115 aiibi
1011 1058 1092 1135 (Act.
1107 1062 1131 1114 1.
1149 1061 1235 1117 Verr.
1254 1076 1315 1135 cap.
1333 1060 1375 1135 5.)
1395 1065 1493 1116 Cicero

166 1133 299 1188 Patriam
317 1153 376 1186 rem
394 1143 423 1186 et
440 1139 550 1186 avitam
570 1130 684 1195 dixerit;
704 1150 835 1205 nusquam
852 1141 1000 1206 patritam.

246 1214 325 1265 Car.
344 1212 410 1265 XX.
435 1209 548 1261 Etenim
566 1214 592 1259 si
610 1226 682 1261 nunc
701 1210 808 1280 atiqtsid
824 1215 935 1284 assequi
952 1219 1112 1281 reputant,
1130 1214 1177 1281 qui
1194 1215 1298 1274 ostium,
1314 1212 1398 1267 Ponti
1417 1208 1493 1265 vide·

168 1300 235 1340 runt
429 1293 480 1336 aut
497 1289 528 1347 ii,
548 1302 593 1353 qur
589 1283 712 1336 Oceani
716 1283 869 1355 frutetis
883 1284 1021 1357 viderunt]
1043 1286 1170 1348 attend,
1193 1286 1319 1351 obsecro,
1338 1285 1373 1339 ad
1393 1291 1492 1340 seriem

167 1363 318 1415 orationis:
340 1374 368 1410 ct
387 1358 508 1422 videbis
529 1359 650 1413 admissa
670 1360 718 1412 illc
736 1360 886 1429 viderunt,
907 1368 1063 1415 necessario
1083 1366 1200 1433 requiri,
1219 1379 1250 1416 ut
1269 1361 1369 1415 dixerit
1388 1361 1495 1434 aliquid

168 1433 389 1489 ASSECUTOS
407 1443 573 1505 reputant:
598 1434 700 1506 alioqui
721 1452 876 1532 tempotum
896 1441 967 1491 ratio
987 1454 1042 1489 non
1063 1436 1116 1489 sibi
1137 1436 1285 1491 constabit.
1325 1436 1378 1491 Sed
1399 1453 1494 1492 tamen

171 1512 228 1565 alia
253 1514 297 1562 tia
322 1509 454 1562 tentanda
479 1515 588 1563 curatio
614 1526 666 1564 cst.
711 1513 781 1583 Lege
807 1518 897 1568 enim:
925 1511 1037 1573 ,Etenim
1061 1517 1088 1562 st
1111 1529 1184 1563 nunc
1210 1511 1318 1583 aliquid
1335 1519 1446 1585 assequi
1464 1531 1494 1564 se

167 1593 289 1660 putant,
309 1590 355 1655 qui
373 1591 475 1637 ostium
493 1585 581 1638 Ponti
599 1585 778 1639 VIDERINT
797 1618 953 1635 ---
973 1596 1023 1638 atst
1041 1592 1072 1651 it',
1082 1592 1139 1659 qui
1156 1587 1263 1639 Oceani
1272 1586 1361 1658 freta
1379 1589 1431 1640 illa
1443 1589 1497 1641 vi·

170 1661 323 1718 DERINT.
367 1661 418 1713 Res
445 1665 502 1735 ipsa
522 1678 571 1734 per
591 1677 619 1713 se
639 1659 786 1714 manifesti
804 1677 855 1715 est.
876 1690 911 1704 -
938 1656 1030 1716 *Post
1049 1663 1181 1714 viderunt
1201 1660 1285 1716 adde:
1305 1660 1392 1737 (quod
1412 1661 1497 1731 codd,

171 1752 266 1792 tumen
286 1751 382 1787 omnes
402 1734 552 1811 ingerunt.)

247 1809 362 1864 iibri.
390 1813 428 1864 Ut
447 1829 504 1863 non
522 1810 611 1864 solum
625 1810 738 1884 Physici
758 1809 866 1880 docent,
885 1828 984 1865 uerum
1002 1817 1086 1865 etiarn
1097 1808 1207 1882 nsedici]
1226 1811 1309 1868 MSS.
1324 1809 1411 1869 Ccdd.
1424 1829 1495 1868 con·

170 1892 300 1950 danius,
319 1894 350 1936 ut
369 1904 425 1939 nost
444 1888 556 1959 Phqsici
577 1885 665 1940 solunt
684 1885 793 1940 docent.

248 1960 363 2015 *ibid
390 1962 468 2032 Quae
486 1980 564 2033 quast
560 1959 729 2032 fenestras
748 1974 812 2015 sunt
831 1961 933 2041 animi]
960 1958 1048 2015 Ccdd.
1067 1966 1173 2028 nostri,
1192 1967 1260 2015 sint.

247 2034 367 2090 *ibid
394 2038 455 2107 Quo
473 2042 564 2088 minus
583 2041 734 2111 percipiat,
762 2034 858 2108 quale
869 2036 983 2108 quidque
1009 2042 1061 2108 sit]
1095 2037 1164 2092 Cod.
1183 2036 1301 2093 cantab,
1323 2042 1492 2110 perspiciat.

172 2113 274 2169 Recte.
294 2126 324 2165 ut
343 2130 423 2178 mox,
442 2112 556 2183 Quanta
575 2113 731 2182 spectactda
749 2118 860 2164 animus
877 2120 948 2163 esset
965 2111 1120 2167 habittaus.

246 2188 328 2242 Cn.
346 2188 427 2242 xxi.
454 2188 602 2241 Liberatus
620 2194 692 2239 enirn
711 2205 809 2260 seper
828 2204 890 2238 eum
915 2185 1011 2240 dicunt
1036 2192 1215 2257 grauissimis
1241 2188 1362 2241 dominis
1388 2205 1493 2244 terrore

170 2267 358 2334 sempiterno,
376 2269 405 2313 et
423 2262 524 2315 diurno
543 2281 577 2314 ac
598 2271 735 2316 nocturno
752 2270 835 2314 metu.
872 2261 934 2332 Quo
953 2267 1076 2317 terrore?
1095 2282 1148 2335 quo
1166 2266 1275 2334 metui]
1295 2269 1398 2318 Vereor
1417 2269 1495 2336 equi·
1534 2305 1538 2311 ·

172 2338 252 2405 dem,
283 2356 317 2391 ne
342 2343 509 2408 gravissimi
535 2337 575 2390 illi
601 2337 707 2390 domiui
725 2354 782 2391 ncn
801 2341 856 2391 nisi
877 2355 947 2391 unus
967 2339 1096 2410 solusque
1116 2343 1168 2392 sit:
1197 2357 1251 2411 quo
1271 2344 1343 2392 enim
1364 2339 1496 2395 differunt

171 2423 269 2465 terror
293 2428 321 2465 et
346 2414 455 2464 metus?
485 2415 582 2467 iuncta
609 2414 719 2484 quidem
743 2411 882 2467 interdum
908 2415 977 2466 haec
1001 2413 1132 2467 vocabule
1152 2419 1288 2487 reperies:
1319 2414 1366 2468 sed
1387 2415 1440 2467 boc
1460 2418 1494 2468 ιι

136 2514 140 2519 ·
172 2506 251 2543 sucre
277 2489 435 2554 rhetorum,
468 2493 514 2560 qui
540 2486 576 2540 sd
601 2487 820 2560 amplificandam
846 2493 1002 2542 orationem
1027 2492 1156 2567 cognatas
1182 2506 1209 2543 et
1233 2489 1337 2543 similes
1357 2490 1494 2543 dictiones
1537 2502 1543 2507 '

175 2579 348 2618 coacervant.
387 2564 475 2617 Stoici
496 2562 623 2634 quidem,
644 2567 690 2635 qui
711 2568 803 2616 omnia
823 2567 853 2615 in
873 2564 1056 2637 pulvisculum
1075 2562 1255 2638 diffringunt,
1282 2569 1324 2618 sic
1342 2565 1411 2621 hacc
1431 2582 1494 2638 par-

173 2646 282 2695 tiuutur
302 2654 329 2692 et
349 2636 497 2705 definiunt,
511 2654 547 2692 ut
568 2654 656 2691 terror
675 2637 725 2692 sub
745 2654 838 2704 metu,
858 2644 936 2711 qussi
956 2645 1062 2713 specics
1082 2639 1132 2692 snb
1152 2658 1260 2713 genere,
1279 2640 1495 2714 comprehenda-
1526 2640 1545 2675 ’ν

173 2731 246 2768 tur:
242 2714 378 2779 Τιιιοι,
398 2719 541 2787 inquiunt,
561 2729 603 2766 est
621 2729 709 2767 metus
729 2679 902 2768 concutiens.
939 2715 1022 2769 Esto·
1042 2730 1069 2768 ιι
1089 2714 1269 2769 nihilominus
1289 2715 1494 2790 putidissimum

172 2791 254 2864 plana
274 2786 357 2842 inerit
378 2788 459 2843 binos
480 2790 546 2843 binc
566 2787 692 2843 dominos
713 2789 878 2863 confingere.
917 2789 960 2843 Tu
980 2791 1056 2864 iege,
1077 2789 1186 2845 literuia
1203 2790 1324 2859 abiecta:
1343 2790 1496 2845 ERRORE

172 2870 358 2936 sempiterno,
386 2874 414 2916 et
433 2865 534 2916 distrno
552 2883 586 2916 ac
605 2874 742 2916 nocturno
760 2873 842 2918 metu.
882 2866 942 2935 Quo
961 2865 1129 2922 ERRORE?
1157 2885 1210 2939 quo
1229 2869 1323 2919 metu?
1352 2870 1425 2921 Hinc
1445 2866 1494 2919 tiit
1571 2918 1576 2927 ,

172 2942 333 3003 Ciceronis,
353 2954 422 3012 quae
441 2958 504 2993 mox
523 2955 688 3009 acquantum
708 2941 775 2993 Nan
788 2940 877 3013 pudet
890 2940 1080 3013 philosophum
1099 2948 1130 2993 in
1148 2960 1180 2994 eo
1193 2944 1323 3011 gloriari,
1341 2941 1493 3013 quodlicet

172 3032 230 3067 nou
250 3020 363 3079 titnett,
389 3023 419 3067 et
437 3015 511 3087 quod
527 3014 595 3069 faita
615 3034 673 3068 esse
692 3017 879 3086 cognouerit?
905 3016 960 3070 Uiri
986 3022 1083 3069 timeat
1102 3016 1135 3070 td
1154 3036 1257 3071 metum
1277 3018 1388 3085 retulit,
1407 3017 1495 3090 salsa

173 3089 208 3143 ad
228 3100 358 3144 errorem.
397 3091 464 3146 Noti
485 3107 548 3145 sunt
569 3094 689 3145 lucretii
710 3109 816 3157 versus,
835 3109 904 3183 quos
925 3108 967 3146 ter
986 3109 1134 3164 quaterque
1155 3093 1288 3161 inculcat,

396 3168 478 3218 Hunc
496 3171 588 3235 igitur
608 3181 740 3220 terrorem
760 3172 848 3219 animi
868 3166 1047 3239 tenebraeque
1066 3185 1176 3220 necesse
1195 3176 1248 3236 est,

396 3243 465 3294 Non
483 3242 559 3293 radii
577 3243 667 3307 Solis,
687 3261 771 3313 neque
789 3240 883 3293 lucida
902 3242 960 3293 tela
979 3242 1036 3294 diei

396 3318 578 3380 Discutiunt,
598 3316 649 3368 sed
665 3327 784 3368 natiuae
802 3322 906 3388 species
923 3323 1058 3389 ratioque.

174 3390 324 3446 Terrorem
342 3400 372 3444 st
389 3391 520 3445 tenebras
538 3393 585 3444 hic
604 3398 728 3458 vocavit,
747 3408 816 3464 quae
834 3380 935 3445 Cicero
954 3401 1057 3444 ructum
1075 3400 1104 3445 et
1122 3408 1256 3444 errorem.

248 3463 373 3520 *Ibide
385 3468 554 3525 Acheruntia
569 3468 703 3537 templa·
717 3465 942 3521 obsitarensbris
958 3467 1032 3537 loca]
1052 3468 1145 3520 Etiam
1164 3471 1252 3521 nostri
1272 3463 1327 3519 duo
1347 3471 1496 3535 teterrimi,

174 3542 364 3609 Adurunsia,
385 3544 439 3596 hoc
458 3557 514 3606 est,
536 3540 707 3594 Acherusia:
700 3560 778 3614 neq
779 3559 813 3594 ue
833 3557 986 3615 agnoscunt
1004 3539 1040 3599 τὸ
1057 3543 1159 3596 obsita.

99 3618 104 3623 ’
161 3678 163 3682 f
237 3615 365 3671 *ibid
391 3617 503 3689 Exqsto
515 3617 638 3685 intellige
645 3626 742 3689 potest
753 3620 821 3686 ceu]
849 3619 927 3670 Hunc
946 3616 1061 3669 iocum·
1053 3633 1092 3670 tta
1107 3617 1220 3689 refingat
1234 3635 1266 3670 ex
1280 3616 1361 3671 Mss.
1374 3622 1492 3672 nostru.

173 3693 199 3748 E
222 3712 274 3764 quo
298 3694 421 3761 intelligi
441 3702 551 3765 potest,
577 3711 659 3763 qttam
677 3697 755 3757 acstti
773 3702 878 3744 natura
896 3697 971 3759 sint,
998 3690 1179 3762 Quoniam
1197 3692 1264 3745 Ιιιιιὸ
1282 3699 1342 3744 sine
1362 3692 1494 3745 doctrina
1604 3764 1609 3769 ι

174 3768 311 3820 credituri
329 3768 517 3824 FUERUNT:
540 3767 717 3838 praectarum
736 3776 828 3820 autem
846 3773 938 3819 nescio
957 3766 1024 3837 quid
1041 3767 1137 3839 adepti
1154 3778 1235 3832 stent,
1258 3768 1365 3837 QUOD
1384 3768 1495 3820 didice-

175 3852 258 3907 runt,
278 3860 308 3894 se
326 3850 403 3896 totos
420 3860 479 3894 esse
495 3849 648 3915 perituros.
685 3845 795 3897 Priores
814 3841 967 3906 editiones
987 3842 1054 3908 iix,
1075 3845 1158 3914 QUI,
1178 3844 1354 3909 FUERINT,
1373 3843 1450 3911 Qut.

249 3883 354 3972 Reti.
376 3919 470 3974 xxii.
498 3919 552 3984 Ut,
577 3922 603 3970 st
627 3922 685 3970 iam
706 3927 822 3991 possent
846 3923 877 3969 in
902 3917 1011 3970 homine
1030 3937 1085 3974 uno
1104 3924 1180 3971 cerni
1198 3924 1308 3983 omnia,
1333 3935 1403 3988 quae
1422 3936 1495 3970 ιιιιιιι

175 4004 252 4047 tecta
273 4002 355 4058 sunt,
381 4010 530 4044 casurusne
549 3998 772 4066 inconspectum
789 3994 924 4046 uideatur
942 3999 1064 4065 animtts]
1091 3995 1197 4051 Omnes
1216 4000 1244 4046 et
1263 3990 1346 4046 MSS.
1366 4011 1393 4047 et
1414 3990 1493 4059 aditi,
1570 4004 1575 4019 ¹

175 4070 332 4122 intortius
347 4033 440 4122 ’UNQ
478 4071 512 4121 Δι
531 4086 661 4141 quorsum
681 4085 782 4142 quaeso
801 4069 876 4122 uno?
901 4070 958 4138 Qui
983 4075 1090 4135 minus,
1116 4075 1139 4122 si
1165 4073 1195 4122 in
1210 4060 1357 4140 pluribus?
1381 4071 1508 4142 Repons'

176 4149 331 4204 certissima
356 4148 532 4210 conlectum
555 4150 587 4196 in
604 4143 714 4196 Ιιοιιιὶιιι
731 4145 837 4200 v1v0:
866 4148 967 4218 quippe
986 4149 1016 4198 in
1035 4146 1147 4199 homine
1167 4158 1277 4197 mortuo
1298 4147 1355 4196 iam
1375 4148 1494 4198 excessit

149 4226 151 4228 ’
175 4240 210 4275 ex
230 4237 346 4292 corpore
366 4224 488 4284 animus,
506 4238 594 4291 neque
614 4218 654 4273 ibi
673 4219 842 4292 quaerendus
863 4236 913 4274 est.

251 4291 365 4349 *ibid
391 4294 487 4346 Multo
506 4295 552 4366 dis
527 4294 657 4368 fficilior
675 4302 797 4348 occtsrrt't
815 4301 965 4365 cogitatio,
985 4293 1126 4395 multoque
1146 4293 1302 4362 obscurior]
1321 4294 1384 4349 Duo
1403 4297 1494 4348 nostri

176 4387 282 4427 celeret
302 4366 489 4433 dsuetudt'rurc,
510 4372 596 4423 multo
614 4370 765 4425 obscrtrior.

252 4442 369 4499 *liti
396 4444 574 4513 Cogitaticne
586 4447 730 4520 complecta
740 4445 820 4502 NON
830 4448 988 4519 possumus]
1014 4446 1037 4497 T
1038 4441 1093 4498 olle
1105 4448 1261 4517 negativam
1281 4447 1366 4498 etiam
1384 4460 1497 4499 nostro·

176 4530 238 4576 rum
258 4537 380 4574 recerunt
399 4526 572 4576 auctoritate.

254 4593 371 4650 *litt
396 4598 478 4649 Huttc
496 4602 586 4666 igitur
603 4613 684 4650 nosse
702 4600 757 4648 nist
752 4593 892 4651 divinum
904 4604 985 4663 esset,
1003 4612 1059 4648 non
1072 4602 1146 4646 esset
1156 4593 1208 4649 lsoc
1219 4598 1340 4647 acrioris
1351 4593 1495 4649 cstitssdam

179 4677 269 4724 ιιιιὶιιιι·
283 4679 479 4744 praeceptum,
498 4678 538 4724 sic
556 4681 588 4724 ut
605 4672 742 4725 tributum
760 4671 822 4723 Deo
841 4677 897 4738 sit,
916 4671 966 4723 hoc
985 4678 1043 4735 est,
1061 4686 1091 4721 se
1109 4675 1198 4742 ipsum
1213 4687 1296 4743 posse
1314 4673 1494 4741 cognoscere]

176 4750 288 4801 vetusti
308 4745 363 4800 dno
381 4752 480 4812 nostri,
502 4750 683 4818 Praeceptum
700 4745 835 4799 tribsuusn
853 4765 872 4798 a
891 4744 942 4798 deo
959 4750 1000 4798 sit
1016 4743 1078 4811 icc,
1096 4763 1126 4797 se
1144 4750 1279 4816 ipsump.
1298 4763 1380 4815 cogn.
1413 4742 1494 4801 Unde

74 4828 77 4840 ·
178 4828 220 4878 sic
240 4839 313 4879 totas
332 4823 410 4876 incus
428 4785 600 4896 reRngmdm
619 4836 674 4877 est:
695 4822 881 4890 lituuigitur
897 4820 1227 4888 nosss,ns'siDlV1NU8
1246 4829 1328 4887 esses,
1347 4837 1404 4873 ιιοιι
1422 4828 1494 4875 esset

178 4896 230 4952 hcc
254 4903 374 4953 acrioris
399 4897 541 4952 ιιιιιιιάιιιι
565 4903 653 4953 crunt
675 4905 873 4970 praeceptum,
896 4896 1031 4953 tributum
1048 4895 1102 4955 UT
1121 4894 1173 4953 deo
1191 4901 1239 4952 sit.
1280 4899 1355 4971 tage
1380 4899 1493 4969 inquam
1564 4952 1571 4956 ,
