3384 5359
647 304 740 371 ttffl.
765 300 813 371 v.
851 288 971 370 uto.
996 306 1049 369 ts.
1346 300 1349 305 “
1443 302 1504 371 its

174 445 408 521 valetudinem,
423 444 719 533 pulchritudinem,
743 444 890 520 divitias,
914 446 1075 523 honores,
1099 467 1179 528 opes
1198 458 1426 523 contemnere,
1450 467 1504 510 ea·

173 562 258 625 quc,
272 534 353 623 qsiae
365 542 433 603 Ιιὶι1
448 540 609 607 constraria
617 542 720 615 sunt2,
733 561 797 622 pro
807 539 906 603 nihilo
914 542 1029 605 ducere
1042 560 1051 602 ι
1069 541 1154 605 ιιιιιι3
1168 550 1322 622 poterunt
1330 538 1504 607 clarissima

173 656 260 699 voce
281 633 448 716 profiteri,
472 655 507 699 se
528 654 632 718 neque
649 634 803 700 ,innume
825 634 982 717 impetul,
1006 636 1083 699 nec‘
1105 632 1313 699 mrdtitudinis
1336 631 1502 715 opinione,

172 728 257 795 ιιοο6
278 729 411 802 dolore,
435 726 514 791 nee⁷
535 738 720 810 paupertate
741 728 878 805 terreri,
903 728 1072 813 omniaque
1091 726 1205 809 sibiiu
1228 749 1299 792 sese
1320 748 1391 791 esse
1412 726 1503 810 posi·

171 836 226 901 ta,
251 824 332 889 nec⁸
354 844 425 888 esse
445 820 617 908 quidquam
639 834 731 887 extra
752 845 841 887 suam
864 834 1074 906 potestatem,
1100 824 1188 907 quod
1201 825 1318 885 ducant
1339 821 1371 884 iu
1394 821 1501 885 bonis.

173 920 229 985 at.
253 921 401 1003 Namque
423 929 455 981 et
478 917 557 979 haec
578 914 686 999 loqui,
721 939 803 1002 quae
824 930 901 980 siant
921 918 1027 1001 magni
1049 916 1210 979 cuiusdam
1234 927 1265 979 et
1288 915 1342 979 alti
1363 915 1445 992 viri,
1470 927 1504 980 et

119 1024 129 1029 ’
171 1016 304 1088 adem,
328 1033 410 1097 quae
433 1012 569 1098 vulgus,
595 1012 627 1075 in
653 1010 743 1075 malis
765 1023 797 1076 et
819 1012 912 1077 bonis
935 1033 1120 1086 numerare,
1148 1010 1280 1091 concedi
1301 1010 1505 1075 nisttotno·

173 1110 216 1172 do
240 1118 360 1190 potest.
419 1104 492 1185 Qua
522 1105 836 1189 gloriacousmotus
860 1106 1021 1189 Epicurus
1045 1104 1210 1182 exoritur,
1248 1105 1299 1168 cui
1321 1105 1436 1180 etiam,
1474 1102 1503 1169 si

171 1200 234 1269 diis
257 1202 379 1283 placet,
417 1200 541 1263 uidetur
570 1221 696 1281 semper
718 1200 844 1282 sapiens
866 1201 991 1267 beatus.
1051 1201 1115 1265 Hic
1137 1199 1290 1285 dignitate
1312 1199 1406 1265 huius
1423 1213 1502 1263 sen·

170 1294 291 1363 tentiae
313 1293 455 1376 capitur:
493 1295 552 1355 sed
573 1315 733 1377 nunquam
754 1293 787 1359 id
809 1294 947 1370 diceret,
986 1291 1014 1357 si
1035 1291 1105 1375 ipse
1126 1314 1161 1356 se
1184 1292 1355 1356 audiret¹⁰.
1405 1293 1503 1375 .Quid

170 1401 222 1453 est
243 1389 344 1463 enim,
379 1390 468 1473 quod
490 1384 591 1451 minus
613 1387 801 1464 conveniat,
838 1409 932 1472 quam
955 1398 991 1450 ut
1010 1386 1058 1462 is,
1096 1387 1151 1470 qui
1172 1388 1226 1451 vel
1247 1408 1425 1463 summum,
1450 1387 1503 1451 vel

168 1483 276 1546 solum
298 1483 410 1545 malum
434 1480 583 1545 dolorem
604 1501 674 1544 esse
696 1481 800 1555 dieat,
824 1482 907 1546 idem
922 1493 1071 1557 censeat,
1095 1485 1209 1566 (lesam
1228 1483 1292 1545 hoc
1311 1504 1414 1547 suane
1428 1486 1501 1545 est!

168 1589 238 1639 tum
262 1598 358 1661 quum
380 1577 495 1641 dolore
517 1575 697 1653 crucietur,
729 1576 889 1641 dicturum
911 1596 981 1643 esse
1002 1574 1204 1659 sapientem?
1240 1577 1315 1638 Non
1338 1574 1437 1660 igitur
1459 1596 1503 1639 ex

98 1681 103 1690 '
167 1668 303 1754 singulis
329 1670 464 1734 vocibus
497 1667 684 1752 philosophi
705 1670 873 1752 spectandi
894 1681 987 1747 sunt,
1024 1671 1081 1733 scd
1103 1691 1143 1734 ex
1161 1668 1382 1757 perpetuitate
1404 1681 1502 1756 atque

167 1764 364 1831 constantia.

255 1860 321 1924 xl.
347 1860 401 1923 32.
423 1862 471 1924 A.
493 1856 639 1923 Adducis
662 1881 733 1934 me,
771 1871 807 1923 ut
834 1858 893 1924 tibi
918 1858 1121 1923 assentiar¹¹.
1181 1858 1246 1923 Sed
1272 1867 1325 1922 tua
1347 1879 1500 1944 quoque,

166 1954 263 2028 vide,
297 1974 336 2016 ne
365 1953 564 2018 desideretur
594 1953 785 2020 constantia.
831 1957 888 2020 Μ.
924 1955 1071 2034 Ortonam
1102 1953 1223 2019 modo?
1258 1958 1304 2020 A.
1330 1953 1413 2036 Quia
1435 1953 1502 2040 legi

165 2059 257 2113 smnus
279 2069 381 2131 nuper
404 2060 550 2131 quartum
573 2052 612 2112 de
635 2048 783 2113 Finibus.
840 2048 882 2112 Iu
903 2069 943 2113 eo
966 2048 1042 2112 mibi
1065 2047 1235 2125 videbare,
1259 2061 1373 2115 eontra
1398 2048 1501 2115 Cato-

164 2163 239 2209 uem
264 2141 438 2218 disserens,
462 2144 527 2207 hoc
549 2143 634 2206 velle
655 2145 845 2218 ostendere,
870 2144 959 2225 quod
978 2141 1053 2205 mibi
1075 2141 1200 2227 quidem
1223 2145 1381 2224 probatur
1390 2146 1435 2220 ¹²,
1451 2144 1499 2207 in·

165 2248 219 2301 ter
242 2237 407 2299 Zenonem
430 2232 471 2303 et'
491 2236 726 2318 Peripateticos
755 2237 833 2301 nibil
855 2249 984 2319 praeter
1006 2238 1182 2301 verborum
1204 2236 1377 2301 novitatem
1399 2237 1500 2303 iuter·
1587 2230 1590 2241 ’

165 2351 252 2397 esse.
297 2329 396 2410 Qisod
423 2329 450 2392 si
472 2328 515 2392 ita
538 2341 604 2405 est,
640 2329 784 2414 quidest
807 2351 939 2406 causae,
964 2331 1058 2414 quio,
1083 2330 1110 2394 si
1126 2330 1267 2396 Zenonis
1281 2331 1400 2395 rationi
1415 2353 1495 2397 con·

163 2435 351 2489 senmurum
373 2422 432 2498 sit,
466 2423 544 2488 satis
574 2446 718 2509 magnam
748 2424 810 2488 visu
834 2425 867 2487 in
889 2423 1009 2488 virtute
1031 2445 1101 2488 esse
1123 2427 1163 2487 ad
1184 2426 1278 2488 beate
1300 2424 1494 2503 vivendum,

163 2518 263 2582 liceat
296 2517 378 2580 idem
399 2516 626 2600 Peripateticis
655 2517 786 2583 dicere?
821 2541 891 2582 rem
914 2519 997 2583 euim
1020 2519 1137 2601 opinor
1158 2517 1299 2600 spectari
1320 2529 1498 2601 oportere,

164 2632 233 2675 non
256 2613 367 2675 verba.
412 2612 468 2676 33.
491 2616 547 2678 Μ.
573 2615 625 2676 Tu
647 2612 774 2696 quidem
798 2613 924 2676 tabellis
947 2611 1123 2698 obsignatis
1147 2613 1215 2705 agis
1237 2632 1379 2689 meeum,
1404 2623 1501 2677 ette·
1575 2608 1577 2615 ’

162 2705 334 2781 stificaris,
359 2706 437 2791 quid
457 2706 594 2770 dixerim
616 2705 806 2792 aliquando,
831 2719 886 2771 aut
900 2706 1098 2789 scripserim.
1126 2706 1208 2772 Cum
1225 2707 1292 2771 aliis
1306 2707 1371 2773 isto
1387 2710 1498 2784 modo,

163 2800 221 2888 qiri
243 2800 368 2885 legibus
391 2799 548 2882 impositis
571 2800 754 2883 disputant:
779 2823 838 2866 nos
859 2800 894 2863 in
916 2800 998 2864 diem
1023 2800 1179 2875 vivimus:
1203 2802 1417 2887 quodeunque
1439 2821 1501 2866 uo·

162 2907 254 2959 stros
268 2894 389 2959 animos
404 2893 629 2976 probabilitate
645 2895 824 2976 percussit,
842 2894 877 2958 id
892 2893 1040 2970 dicimus;
1063 2894 1171 2980 itaque
1190 2894 1253 2959 soli
1267 2916 1376 2958 sumus
1392 2893 1499 2958 liberi.

162 2989 417 3062 Verumtamen,
443 2987 592 3074 quoniam
615 2990 654 3052 de
677 2988 855 3055 constantia
876 2989 985 3070 paullo
1007 3000 1080 3052 aute
1096 2988 1251 3066 diximus,
1276 3010 1338 3053 ron
1356 2989 1500 3073 egoboc

162 3083 241 3148 loco
263 3082 296 3146 id
317 3085 533 3167 quaerendum
555 3092 656 3164 puto,
681 3105 834 3149 rerumne
857 3083 917 3160 sit,
942 3086 1029 3169 quod
1053 3084 1178 3155 Zenoni
1193 3083 1368 3166 placuerit,
1392 3084 1498 3167 quod·

162 3192 228 3264 qrte
249 3176 317 3240 eius
339 3176 495 3254 auditori,
519 3176 684 3255 Aristoni,
711 3180 830 3243 bonrum
854 3199 924 3243 esse
946 3178 1070 3252 soleam,
1094 3179 1184 3262 quod
1203 3179 1372 3240 honestum
1388 3187 1496 3241 esset:

163 3274 241 3344 sed,
265 3270 294 3335 si
315 3271 360 3334 ita
381 3284 485 3349 esset,
511 3282 576 3334 tum
599 3284 633 3335 ut
656 3283 760 3336 totum
782 3273 866 3348 hoc,
891 3273 984 3335 beate
1009 3270 1137 3347 virere,
1162 3270 1193 3332 in
1215 3272 1276 3334 uim
1297 3269 1416 3333 virtute
1434 3291 1498 3354 po·
1522 3336 1525 3343 ,

161 3366 304 3429 ιιιιοιΡ.
358 3365 413 3429 dl.
438 3365 547 3447 Quare
570 3368 678 3429 demus
699 3367 763 3431 boe
785 3386 860 3429 sane
884 3366 1010 3441 Bruto,
1042 3376 1077 3427 ut
1098 3365 1138 3427 sit
1159 3365 1271 3428 beatus
1292 3386 1421 3447 semper
1442 3387 1497 3430 sa·
1601 3418 1621 3443 ⁸

162 3459 277 3542 piens:
323 3481 419 3544 quam
441 3459 502 3523 sibi
524 3460 732 3534 conveniant
747 3458 817 3541 ipse
838 3459 968 3529 viderit.
1021 3457 1134 3522 Gloria
1155 3457 1400 3542 quidembuius
1423 3480 1498 3523 sen·

161 3551 283 3617 tentiae
314 3553 385 3635 quis
414 3564 463 3616 est
491 3554 548 3618 illo
577 3554 652 3618 viro
675 3552 826 3640 dignior?
862 3575 921 3618 nos
944 3565 1049 3617 tannen
1072 3564 1254 3629 teneamus,
1291 3564 1327 3617 ut
1348 3553 1389 3617 sit
1410 3552 1496 3617 idem

163 3645 382 3711 beatissimus.

246 3835 287 3909 (¹)
306 3865 345 3881 -·
361 3845 554 3906 consenuere,
573 3858 695 3912 preceque
714 3839 757 3892 tte
776 3842 831 3906 C„
857 3840 895 3914 (²)
919 3841 968 3894 Sio
988 3841 1060 3897 021.
1081 3840 1266 3895 ABSECVM.
1288 3845 1314 3896 2.
1333 3855 1372 3893 ω
1389 3845 1449 3892 atas
1472 3837 1504 3895 b.

168 3912 287 3969 PMLD.
307 3912 379 3967 Lstl.
400 3922 426 3970 1.
464 3911 502 3988 (³)
522 3943 557 3958 -
577 3923 644 3971 rame
663 3916 694 3970 P.
732 3913 772 3990 (ι)
790 3944 828 3958 -
846 3915 947 3968 scisses
967 3918 996 3970 Ρ.
1037 3914 1075 3989 (⁵)
1093 3938 1132 3974 .-.·
1150 3926 1235 3986 napa
1254 3918 1286 3970 t.
1331 3914 1369 3989 (⁶)
1388 3934 1428 3970 =
1446 3933 1502 3967 ns-

168 4007 222 4059 que
241 3989 274 4044 L.
312 3987 352 4057 (7)
373 3990 420 4042 sic
439 3976 499 4063 (ll.)
520 3989 667 4045 Psucvt).
687 4012 724 4049 ε
741 4009 827 4061 nsque
847 3994 950 4046 Ceteri.
976 3990 1014 4066 (ὅ)
1034 3991 1083 4043 Sic
1103 3992 1135 4045 R.
1157 3991 1213 4045 ΡΙ).
1232 4016 1271 4051 =
1290 4008 1376 4062 nequae
1396 3991 1500 4045 Ceteri.

169 4062 208 4137 (⁹)
229 4063 279 4119 Sto
295 4063 340 4117 El.
358 4081 415 4119 sec.
435 4066 515 4135 prob.
535 4068 570 4121 D.
592 4067 691 4160 Reqtus
711 4069 828 4145 sltquts,
860 4085 916 4120 non
938 4084 1030 4121 sannen
1051 4071 1190 4138 optimus,
1223 4085 1254 4123 nt
1274 4070 1314 4120 als
1340 4066 1430 4132 tatu,
1451 4069 1501 4140 qni

169 4144 287 4211 recepit.
336 4141 408 4194 lssm
427 4142 494 4195 Ero.
516 4149 540 4198 t.
561 4143 613 4199 W.
634 4161 664 4195 ιιι
683 4140 735 4195 Ed.
755 4161 796 4215 pr.
816 4142 867 4195 Est
889 4159 980 4196 samen
1001 4146 1105 4195 ineerta
1124 4141 1219 4195 lectio.
1238 4172 1276 4187 -
1295 4160 1362 4194 nam
1380 4141 1451 4194 huase
1469 4149 1499 4195 st

168 4214 238 4267 haee
256 4216 276 4270 l.
297 4246 316 4259 ·
334 4246 354 4259 ··
372 4247 392 4259 -
411 4217 489 4269 nullo
509 4216 620 4272 Orotan.
639 4216 705 4288 aliq.
726 4218 756 4272 P.
782 4244 821 4259 -
843 4236 929 4289 sicque
954 4216 1024 4269 Ιιιιιισ
1044 4226 1072 4269 et
1091 4216 1158 4270 haec
1178 4217 1197 4269 l.
1216 4249 1235 4262 -
1254 4251 1274 4263 -
1292 4249 1312 4262 -
1330 4217 1407 4271 mallo
1427 4214 1500 4274 Cdd.

169 4290 237 4362 aliq.
270 4291 503 4349 Ausuciates.
528 4321 566 4337 -
594 4310 644 4344 nec
670 4292 741 4344 laune
767 4301 797 4345 et
820 4291 889 4345 boec
908 4294 927 4347 Ι.
946 4324 965 4337 -
985 4325 1004 4336 -
1022 4294 1078 4345 etto
1097 4294 1131 4347 V.
1150 4298 1245 4365 sieque
1264 4295 1313 4360 3.,
1338 4291 1386 4347 red
1405 4293 1501 4359 nullo,

169 4380 270 4427 eontra
283 4383 404 4420 sensum.
417 4364 502 4441 (drap
522 4368 611 4422 Bonb.
630 4365 714 4423 refert
735 4365 769 4420 sd
788 4367 931 4432 Brutum)
948 4384 987 4423 ω
1005 4386 1090 4439 neque
1108 4374 1181 4420 enim
1200 4378 1229 4421 rt
1240 4368 1309 4421 lsasc
1328 4368 1348 4422 Ι.
1367 4400 1387 4412 -
1406 4368 1495 4425 -utto

167 4439 203 4496 ds
223 4441 315 4496 Bcnd.
335 4439 366 4497 (ἶ.
385 4441 437 4496 Da.
465 4446 517 4502 W.
537 4447 567 4495 tn
584 4440 637 4497 Ed.
657 4446 713 4499 sic.
731 4443 799 4497 sih.
818 4449 845 4500 2.
893 4443 945 4517 (¹⁰)
964 4472 1001 4487 ·-
1020 4444 1182 4496 attenderet
1200 4446 1231 4499 P.
1269 4443 1379 4517 (11)-
1397 4461 1500 4495 assen-

167 4522 242 4569 uam
269 4519 343 4574 ose
362 4518 395 4575 P.
433 4519 485 4587 (¹⁹)
504 4546 544 4562 -
558 4517 681 4589 probare
701 4521 733 4574 B.
752 4517 832 4592 prob.
850 4520 940 4573 uenit.
963 4522 997 4573 b.
1016 4518 1188 4586 munaldus,
1207 4535 1260 4592 qua
1279 4524 1499 4573 construertons.

167 4621 208 4639 a·-
235 4593 361 4663 prodars
384 4594 495 4647 videris
520 4594 551 4651 P.
579 4620 616 4635 -
642 4593 815 4665 predaretur
834 4592 905 4649 cdd.
924 4600 1015 4668 pauci.
1067 4594 1117 4662 (¹³)
1137 4597 1184 4649 Sic
1203 4593 1271 4650 edd.
1290 4593 1360 4648 Edd.
1381 4610 1445 4649 ante
1462 4594 1501 4649 D.

168 4668 243 4721 leem
271 4669 339 4722 Ero.
368 4677 395 4726 1.
423 4673 478 4724 niel
504 4667 579 4741 quod
603 4678 664 4721 tum
689 4675 797 4724 omittit
823 4671 914 4724 Parte.
933 4701 970 4716 ·-
989 4686 1046 4724 om.
1071 4679 1103 4723 nt
1132 4675 1213 4725 bero.
1234 4673 1265 4726 P.
1283 4693 1322 4727 ·..-
1340 4669 1391 4723 hee
1409 4677 1501 4727 rotam

168 4759 281 4817 praescr
300 4745 332 4799 ll.
351 4744 387 4799 D.
408 4748 510 4800 Ceteri.
531 4745 634 4799 Sensus
654 4760 710 4799 est:
731 4743 780 4799 sed
798 4745 997 4820 postulandum
1018 4762 1103 4820 poto,
1124 4746 1211 4818 (quod
1230 4745 1366 4802 facillime
1386 4745 1500 4800 elicitos

169 4835 185 4870 e
205 4836 230 4871 s.
250 4819 438 4891 quaerendum
452 4819 535 4895 puro)
554 4837 587 4877 ιιι
606 4838 666 4875 rum
685 4819 814 4887 ἀειιιιιιι,
844 4826 868 4876 si
889 4824 1091 4895 Peripateticus
1114 4828 1172 4876 stra
1191 4823 1294 4879 Brutus
1313 4827 1373 4896 ipsc
1392 4838 1501 4894 qnoque

169 4908 334 4967 sguosecrct
354 4913 419 4951 enm
439 4894 561 4963 Ssoleis,
579 4897 710 4963 „bonnm
728 4914 790 4952 esse
804 4896 895 4952 solum
916 4897 991 4971 qnod
1010 4898 1158 4954 honestum
1178 4900 1285 4969 esses,''
1306 4904 1330 4954 ts
1348 4899 1503 4974 (Peripate-
