3384 5359
475 309 1211 396 rub.1v.c.s.-ruu.uc.1.
1269 319 1273 325 ’
1373 290 1376 297 ’
1433 326 1493 394 sss

139 491 190 534 es
219 467 342 535 exsul?
366 469 639 535 Familiarissimus
661 473 753 534 tuns¹
775 472 817 534 de
836 482 868 535 te
890 467 1092 554 privilegium
1113 466 1205 545 tulit,
1228 478 1283 547 ut,
1305 466 1380 533 siin
1395 491 1510 565 oper-y

140 578 233 627 tum
247 567 369 628 -Bouae
390 566 477 629 Deae
500 565 706 640 accessisses,
730 567 906 637 exsulares.
949 564 997 627 At
1019 575 1049 626 te
1069 562 1124 626 id⁹
1145 563 1278 640 secisse,
1302 563 1395 627 etiam
1418 565 1492 650 glo·
1520 624 1522 628 ,

144 659 246 722 riari
270 661 367 722 soles.
412 660 583 740 Quomodo
607 658 724 743 igitur,
748 661 817 722 tot³
839 658 965 743 legibus
982 658 1013 720 in
1033 657 1351 739 exsiliumeiectush
1376 681 1491 723 nomen

148 752 313 815 exssrlisl
336 775 398 815 non
420 752 684 834 perhorrescis⁵?
720 755 869 825 ,Romae
890 751 1006 827 sum'',
1039 752 1177 838 inquit⁶.
1220 751 1267 816 Et
1288 752 1436 836 quidem⁷
1457 752 1490 817 in
1556 782 1559 793 =
1592 786 1602 799 .

151 847 311 926 operto⁸
331 847 431 910 luisti.
476 849 551 911 Non
573 846 697 930 igitur⁹
718 846 774 909 ubi
795 846 930 931 quisque
951 844 1031 925 erit,
1055 844 1124 910 eiua
1144 845 1209 911 loei
1229 845 1278 910 ius
1300 845 1440 922 tenebit;
1463 847 1491 910 si
1512 854 1517 871 ¹

152 939 208 1003 ibi
234 961 307 1004 eum
326 943 349 980 ¹⁰
372 942 496 1027 legibus
518 963 588 1007 esse
610 962 673 1004 non
696 939 873 1033 oportebit.
1462 935 1475 945 “

716 1160 950 1175 -Ἣ

549 1319 1102 1437 eauunoxouu.

239 1549 322 1624 ’Ότι
343 1552 444 1643 μόνος
466 1551 615 1647 ‹iooqbr
637 1549 830 1647 ἐλεύθερος,
851 1560 907 1623 καὶ
928 1556 992 1635 πᾶς
1014 1548 1132 1647 oiqpor
1152 1557 1280 1636 δοῦλος.
1328 1584 1329 1591 “
1515 1642 1519 1649 A

249 1654 382 1733 [Solum
403 1652 595 1735 sapientem
608 1674 689 1715 ¹esse
712 1653 877 1729 liberum,
902 1663 935 1715 et
956 1672 1092 1714 omnem
1112 1654 1257 1714 stultum
1276 1653 1442 1732 sernum]

250 1857 279 1920 Ι.
317 1857 371 1921 33.
402 1859 567 1921 Laudatur
595 1878 675 1922 vero
703 1856 756 1920 bic
783 1856 976 1940 imperator,
1008 1854 1177 1919 autetiam
1200 1857 1399 1939 appelletur,
1433 1869 1487 1921 aut
1576 1868 1579 1879 “

157 1954 227 2016 boc
248 1949 374 2015 nomine
396 1951 509 2036 dignus
531 1954 708 2034 putetur¹¹.
753 1952 829 2033 Quo
844 1952 939 2015 modo
949 1951 987 2026 ¹²,
1011 1960 1066 2013 aut
1079 1951 1132 2024 cui
1145 1952 1268 2014 tandem
1282 1950 1335 2013 hic
1349 1952 1452 2016 libero
1462 1953 1487 1993 ¹³

159 2045 351 2127 imperabit,
375 2045 429 2128 qui
451 2048 516 2109 non
537 2055 645 2127 potest
666 2044 889 2126 cupiditatibus
912 2043 1014 2107 suis¹⁴
1035 2042 1216 2131 imperare?
1244 2044 1399 2108 Relrenet
1420 2043 1487 2127 pri·

160 2162 247 2205 mrim
259 2141 285 2179 ¹⁵
307 2138 471 2214 libidines,
495 2151 625 2221 spernat
646 2141 848 2221 voluptates,
871 2135 1065 2217 iracundiam
1088 2148 1214 2214 teneat,
1238 2141 1389 2203 coe‘rceat
1410 2159 1487 2229 qva·

160 2234 285 2310 utiam,
324 2224 485 2296 ceteras¹6
513 2233 607 2296 animi
635 2234 723 2297 labes
751 2233 903 2316 repellat:
941 2229 1164 2314 tumiucipiat
1175 2233 1202 2273 ¹⁷
1224 2231 1292 2295 aliis
1312 2231 1485 2314 imperare,
1568 2223 1572 2237 ’

161 2349 260 2411 quum
282 2327 352 2409 ipsc
374 2326 614 2409 improbissimis
636 2324 790 2401 dominis,
814 2322 966 2389 dedecori
984 2325 1062 2391 ac¹⁸
1082 2323 1270 2408 turpitudini
1291 2324 1407 2410 parere
1429 2328 1485 2390 de·

132 2422 262 2491 ,siccin
313 2421 398 2483 Dum
420 2420 545 2503 quidem
566 2421 614 2484 his
637 2419 765 2486 obediet
775 2420 821 2496 ¹⁹,
859 2440 923 2483 non
946 2422 1041 2483 modo
1063 2416 1289 2501 imperatorw,
1327 2420 1385 2482 sed
1404 2418 1486 2482 liber

163 2515 325 2577 habendus
348 2512 476 2577 omnino
498 2535 563 2577 non
585 2514 657 2578 erit.
702 2516 881 2589 Praeclare
895 2510 976 2576 enim
999 2512 1080 2573 est²¹
1103 2513 1168 2575 boc
1188 2522 1372 2595 usurpatum
1390 2532 1408 2574 a
1425 2513 1485 2576 do·

164 2606 327 2681 ctissimis,
366 2627 503 2690 quorum
525 2628 589 2692 ego
597 2609 625 2648 11
647 2608 836 2672 auctoritate
857 2630 922 2672 non
945 2616 1069 2680 uterer,
1109 2603 1136 2666 si
1158 2602 1232 2668 milii
1255 2608 1338 2687 apud
1360 2604 1484 2691 aliquos

165 2712 305 2785 agrestes
326 2702 406 2763 baec
427 2701 570 2765 habenda
591 2712 675 2764 esset
696 2701 863 2765 oratio²³=
902 2722 998 2784 quum
1026 2718 1108 2762 vero
1118 2699 1146 2740 11
1164 2696 1253 2781 apud
1273 2699 1484 2781 prudentissi·

162 2814 231 2859 mos
251 2795 384 2878 loquar,
418 2794 532 2878 quibus
554 2796 633 2858 haec
653 2793 791 2858 inaudita
813 2814 877 2858 non
898 2794 1021 2867 sunt⁹⁵‚
1055 2811 1113 2855 eur
1133 2813 1197 2877 ego
1226 2792 1388 2870 simulem,
1420 2815 1482 2871 me,

163 2889 192 2952 si
212 2887 288 2974 qnid
308 2888 340 2950 in
363 2888 410 2950 bis
433 2887 542 2951 studiis
564 2908 683 2972 operae
704 2887 887 2971 posuerim,
924 2884 1122 2970 perdidisse?
1158 2880 1299 2971 Dictum!
1315 2897 1364 2949 est
1384 2884 1483 2970 igitur

162 2984 205 3044 ab
227 2979 443 3045 eruditissimis
464 2979 562 3059 viria,
586 2980 645 3046 nisi
659 2980 852 3063 sapientem,
875 2980 1008 3044 liberum
1024 2999 1093 3044 esse
1108 2972 1295 3043 neminem(
1319 2979 1373 3041 al.
1397 2978 1484 3058 Quid

164 3086 214 3140 eat
232 3073 311 3138 enim
333 3072 488 3137 libertas?
520 3075 709 3140 Potestas²⁶
731 3072 879 3148 vivendi,
905 3082 940 3137 ut
959 3073 1053 3137 velis.
1099 3073 1179 3154 Quis
1200 3071 1299 3158 igitur
1322 3069 1419 3147 vivit,
1448 3082 1485 3136 ut

162 3168 248 3242 vult,
271 3167 365 3233 nisi²²
388 3166 443 3253 qui
463 3179 552 3232 recta
573 3166 739 3253 sequitur,
756 3168 817 3252 *qui
840 3169 960 3253 gaudet
980 3165 1106 3238 officio,
1129 3163 1181 3228 cui
1196 3163 1323 3228 vivendi
1337 3163 1390 3227 ria
1404 3187 1484 3231 con·
1601 3242 1609 3255 .

41 3266 46 3274 '
161 3263 294 3339 siderate
316 3272 411 3346 atque
432 3262 565 3345 provisa
593 3260 664 3326 est?
699 3261 754 3346 qui
781 3259 907 3345 legibus
935 3258 1061 3346 quidem
1072 3261 1100 3300 11
1122 3277 1186 3321 noo
1208 3270 1344 3341 propter
1365 3271 1482 3341 metum

163 3367 268 3440 paret,
291 3358 348 3420 sed
368 3376 422 3420 eas
444 3355 588 3441 sequitur
610 3355 740 3442 atque²⁹
762 3356 858 3431 colit,
882 3353 955 3439 quia
977 3352 1011 3415 id
1032 3352 1205 3416 salutare³⁰
1227 3350 1361 3416 maxime
1378 3355 1481 3417 esse³¹
1512 3358 1517 3378 ¹

162 3448 296 3513 indicat:
328 3449 383 3532 qui
404 3448 483 3512 nibil
503 3448 599 3526 dicit,
622 3446 819 3524 nihilfecit,
843 3446 921 3510 nibil
942 3445 1064 3529 cogitat
1085 3444 1244 3530 denique,
1262 3444 1322 3509 nisi
1343 3443 1482 3510 libenter

164 3563 202 3605 ac
221 3543 337 3606 libere:
361 3542 452 3607 cuitu
474 3542 579 3607 omnia
601 3540 732 3605 consilia
746 3560 862 3626 resque
884 3559 1006 3615 omnes,
1030 3558 1108 3622 quas
1125 3538 1222 3627 gerit,
1246 3537 1381 3624 abipso
1403 3561 1482 3622 pro·

178 3821 186 3839 ⁸
235 3765 270 3833 (1)
294 3794 330 3807 -
352 3773 418 3818 curn
439 3762 610 3838 Corm'ficlns
631 3762 701 3821 Cdd.
725 3762 790 3836 aliq.
813 3716 900 3818 lieri.
919 3764 950 3816 P.
974 3781 991 3815 e
1016 3760 1083 3818 falsa
1110 3762 1240 3836 Interpol.
1277 3765 1316 3831 (1)
1340 3756 1482 3818 :⁸1‘dte

114 3836 116 3839 ¹
150 3842 246 3895 ·1..1>.
283 3840 329 3907 (1),”
343 3862 380 3899 =
401 3846 436 3895 σι’.
457 3846 489 3892 in
512 3858 572 3895 ezr.
596 3841 643 3895 Cr.
668 3844 702 3895 V.
722 3840 767 3895 M.
785 3838 844 3893 Mt.
892 3836 931 3913 (1)
962 3859 1000 3897 =
1030 3838 1137 3890 exsulis
1161 3856 1262 3891 nonum
1283 3840 1315 3893 Β.
1338 3839 1400 3892 Bas.
1425 3840 1479 3894 Gn.
1519 3898 1524 3913 ¹
1594 3855 1600 3871 ¹

78 3919 81 3925 '
164 3916 202 3981 (1)
220 3944 256 3958 -
278 3915 456 3968 exhorrescit
473 3914 532 3970 νΜ,
570 3914 610 3987 (1)
633 3915 682 3969 δίο
705 3914 775 3971 Cdd.
796 3914 863 3985 aliq.
889 3915 921 3967 V.
944 3915 1027 3984 Borg.
1049 3943 1085 3958 -
1106 3918 1198 3984 inquis
1221 3913 1325 3967 Ceteri.
1368 3913 1407 3988 (1)
1434 3914 1482 3987 δίο

165 3988 229 4044 Cdd.
251 3991 346 4063 pleriq.
370 4011 398 4064 p.
423 3993 455 4044 V.
478 3996 506 4052 5.
526 3990 608 4063 Seqq.
624 4019 662 4034 -
676 3999 704 4044 et
726 4001 758 4043 tu
774 3990 885 4061 qiddem
902 3989 948 4041 Cr.
969 3990 1011 4044 Μ.
1027 3987 1087 4042 Me.
1107 3974 1139 4043 i..
1158 3990 1190 4043 P.
1228 3988 1267 4057 (1)
1288 4016 1328 4031 ···
1344 3994 1375 4040 in
1393 3998 1483 4059 porcas
1532 3990 1543 4015 ⁹

165 4068 196 4121 B.
215 4067 273 4119 Bm.
294 4066 349 4121 Gn.
369 4081 396 4121 a.
422 4095 461 4109 —
482 4072 514 4117 in
535 4067 625 4119 Ponto
646 4066 729 4119 Herc.
755 4071 826 4133 (non
848 4062 960 4130 Lemb.)
984 4071 1027 4131 (ut
1046 4079 1108 4130 noa,
1130 4066 1185 4117 lam
1206 4069 1247 4135 p.)
1285 4063 1323 4131 (11)
1337 4092 1383 4109 ··-
1402 4065 1482 4117 Num

163 4146 249 4211 μίαν
272 4140 341 4195 cdd.
368 4141 433 4213 oliq.
456 4141 536 4216 prob.
563 4140 653 4196 Bentl.
698 4142 811 4209 (11)-
836 4156 898 4191 erun
919 4139 974 4207 tog.
997 4140 1051 4192 Bes
1090 4139 1149 4192 Ma.
1188 4134 1239 4212 (¹¹)
1262 4168 1298 4183 ·-
1321 4147 1372 4190 aut
1394 4144 1482 4192 etiam

166 4217 261 4284 digena
284 4234 317 4268 eo
339 4235 414 4270 nom.
434 4226 496 4289 put.
519 4221 581 4274 Bas.
620 4217 674 4284 (11)
697 4241 732 4259 ·-
754 4221 909 4287 imperator
935 4213 1071 4285 quomodo
1092 4213 1151 4268 rM.
1173 4241 1211 4256 -
1228 4213 1368 4286 ‚quomodo
1389 4219 1481 4283 igitur

165 4293 197 4347 E.
230 4290 278 4357 (11)
296 4313 334 4350 :
354 4297 399 4343 eui
420 4292 467 4346 lib.
490 4291 605 4345 tandem
625 4291 669 4343 hic
690 4293 755 4346 Bm.
802 4287 854 4363 (11)
882 4309 920 4348 ,τε
947 4294 1005 4339 rma
1029 4306 1089 4361 cup.
1111 4291 1173 4344 oar.
1200 4287 1232 4341 E.
1269 4287 1326 4417 (15)
1345 4317 1381 4333 -·
1400 4296 1481 4360 prius

167 4364 231 4421 Cdd.
252 4367 317 4439 aliq.
340 4370 385 4421 Cr.
409 4370 450 4422 M.
472 4367 532 4421 Ma.
553 4368 585 4420 L.
624 4366 675 4434 (111)
699 4396 738 4410 ·-
755 4374 784 4418 et
801 4372 855 4417 cet.
874 4364 908 4417 E.
946 4363 999 4432 (¹⁷)
1025 4393 1064 4408 -
1086 4373 1152 4416 time
1167 4367 1281 4430 tmtptet
1327 4402 1334 4417 .
1374 4364 1426 4433 (¹⁸)
1442 4386 1481 4424 :-

167 4450 194 4493 et
213 4444 271 4495 Bm.
293 4470 332 4485 —
349 4450 401 4494 aut
420 4444 451 4497 B.
474 4444 528 4497 Gu.
550 4442 584 4494 E.
623 4441 676 4512 (11)
697 4470 736 4484 -
758 4440 894 4492 obedierit
913 4442 947 4492 V.
985 4438 1036 4513 (111)
1055 4468 1090 4482 -
1109 4455 1166 4490 non
1186 4437 1268 4490 modo
1286 4428 1344 4491 aion
1361 4445 1428 4512 imp.
1447 4442 1479 4495 P.

73 4568 77 4581 ,
167 4517 213 4584 (11)
230 4535 266 4570 ·:.·
287 4516 396 4570 Praecl.
414 4522 547 4569 solertim
563 4515 748 4588 BeierOffic.
768 4517 801 4568 Τ.
821 4524 846 4573 1.
864 4520 969 4588 p.27e.
1007 4514 1058 4580 (11)
1078 4513 1125 4567 sic
1144 4512 1216 4569 061.
1235 4514 1299 4568 Bas.
1317 4516 1372 4581 Gp.
1392 4520 1426 4569 V.
1447 4517 1479 4570 P.

96 4588 100 4599 ’
168 4592 263 4647 Gernb.
283 4596 312 4644 ln
332 4589 403 4647 Add.
424 4621 463 4645 v-
484 4609 539 4646 om.
562 4610 618 4659 ego
634 4592 734 4646 Ceteri.
776 4591 826 4657 (11)
843 4609 881 4643 =
899 4587 962 4643 laub.
981 4597 1054 4641 esset
1069 4588 1136 4640 haee
1154 4605 1197 4640 or.
1210 4587 1244 4641 Β.
1259 4591 1341 4660 (Gu.)
1380 4591 1428 4657 (11)
1441 4605 1481 4651 oo

168 4684 217 4720 om.
237 4684 304 4719 nero
324 4670 388 4722 Bas.
433 4665 486 4741 (²⁵)
508 4695 545 4710 —
566 4672 626 4719 stat
646 4669 679 4720 V.
725 4664 776 4734 (2⁶)
797 4694 836 4709 -
857 4668 913 4716 nisi
932 4672 1062 4735 potestas
1082 4664 1113 4716 B.
1137 4664 1200 4717 Bar·
1224 4663 1278 4718 Gu.
1298 4666 1330 4719 Β.
1368 4664 1418 4731 (11)
1441 4693 1479 4709 -

168 4747 219 4795 nist
231 4739 363 4813 profecto
386 4748 433 4814 qui
451 4744 498 4796 Cr.
518 4742 561 4795 M.
582 4744 640 4797 Ma.
664 4743 698 4800 H·
749 4738 803 4814 (11)
834 4755 872 4793 oe
896 4756 952 4793 om.
977 4738 1086 4808 qrddem
1104 4739 1136 4791 B.
1161 4737 1193 4791 L.
1215 4741 1297 4798 1566.
1321 4768 1356 4783 -
1376 4745 1423 4810 qui
1444 4757 1479 4791 tw

169 4817 268 4883 tegibus
289 4819 397 4889 qrtidem
411 4826 530 4888 propter
551 4835 588 4872 m.
607 4815 726 4890 pedd.
746 4817 811 4886 aliq.
832 4818 865 4869 V.
885 4817 918 4868 P.
954 4814 1005 4880 (11)
1023 4826 1062 4869 =
1083 4831 1117 4863 ac
1133 4809 1200 4866 edd.
1221 4812 1293 4887 aliq„
1307 4843 1345 4858 -
1369 4820 1396 4866 et
1416 4817 1477 4868 Bas.

75 4954 78 4965 Ι
170 4891 347 4967 (ol-quod
362 4894 489 4965 sabam
511 4912 539 4968 p.
553 4891 719 4963 V.-qnod
736 4890 768 4945 ld
783 4892 837 4945 sal.
857 4887 928 4946 Cdd.
948 4890 1013 4963 aliq.
1051 4886 1103 4962 (11)
1123 4901 1239 4977 ηοω.
1264 4906 1324 4942 erse
1346 4891 1478 4946 BaeGu.
