<?xml version="1.0" encoding="UTF-8"?>
<!DOCTYPE html PUBLIC "-//W3C//DTD XHTML 1.0 Transitional//EN"
    "http://www.w3.org/TR/xhtml1/DTD/xhtml1-transitional.dtd">
<html xmlns="http://www.w3.org/1999/xhtml" xml:lang="en" lang="en">
 <head>
  <title>
</title>
<meta http-equiv="Content-Type" content="text/html;charset=utf-8" />
  <meta name='ocr-system' content='tesseract 3.04.00' />
  <meta name='ocr-capabilities' content='ocr_page ocr_carea ocr_par ocr_line ocrx_word'/>
</head>
<body>
  <div class='ocr_page' id='page_1' title='image "./mtulliiciceroni00wolfgoog_0217.png"; bbox 0 0 3384 5359; ppageno 0'>
   <div class='ocr_carea' id='block_1_1' title="bbox 710 284 1490 407">
    <p class='ocr_par' dir='ltr' id='par_1_1' title="bbox 710 284 1490 407">
     <span class='ocr_line' id='line_1_1' title="bbox 710 284 1490 407; baseline 0.001 -35"><span class='ocrx_word' id='word_1_1' title='bbox 710 306 759 372; x_wconf 80' lang='lat' dir='ltr'>tn</span> <span class='ocrx_word' id='word_1_2' title='bbox 781 284 947 407; x_wconf 73' lang='lat' dir='ltr'>unit.</span> <span class='ocrx_word' id='word_1_3' title='bbox 1427 309 1490 373; x_wconf 76' lang='lat' dir='ltr'>ott</span> 
     </span>
    </p>
   </div>
   <div class='ocr_carea' id='block_1_2' title="bbox 159 442 1524 2021">
    <p class='ocr_par' dir='ltr' id='par_1_2' title="bbox 165 442 1492 587">
     <span class='ocr_line' id='line_1_2' title="bbox 165 442 1492 541; baseline 0.001 -35"><span class='ocrx_word' id='word_1_4' title='bbox 165 446 229 541; x_wconf 58' lang='grc' dir='ltr'>μία</span> <span class='ocrx_word' id='word_1_5' title='bbox 248 466 282 506; x_wconf 81' lang='lat' dir='ltr'>te</span> <span class='ocrx_word' id='word_1_6' title='bbox 299 445 341 507; x_wconf 75' lang='grc' dir='ltr'>ἂν</span> <span class='ocrx_word' id='word_1_7' title='bbox 359 451 401 513; x_wconf 81' lang='lat' dir='ltr'>stc</span> <span class='ocrx_word' id='word_1_8' title='bbox 421 442 518 520; x_wconf 72' lang='grc' dir='ltr'><strong><em>ἄλλην</em></strong></span> <span class='ocrx_word' id='word_1_9' title='bbox 535 444 623 505; x_wconf 65' lang='lat' dir='ltr'>troisi</span> <span class='ocrx_word' id='word_1_10' title='bbox 639 448 742 528; x_wconf 74' lang='grc' dir='ltr'><em>μῦρον</em></span> <span class='ocrx_word' id='word_1_11' title='bbox 759 442 842 505; x_wconf 78' lang='grc' dir='ltr'>κατὰ</span> <span class='ocrx_word' id='word_1_12' title='bbox 864 449 919 522; x_wconf 77' lang='grc' dir='ltr'>τῆς</span> <span class='ocrx_word' id='word_1_13' title='bbox 936 448 1072 523; x_wconf 60' lang='lat' dir='ltr'>nequiuit</span> <span class='ocrx_word' id='word_1_14' title='bbox 1088 446 1311 526; x_wconf 73' lang='grc' dir='ltr'>καταχέαντες,</span> <span class='ocrx_word' id='word_1_15' title='bbox 1338 445 1394 507; x_wconf 83' lang='lat' dir='ltr'>seotl</span> <span class='ocrx_word' id='word_1_16' title='bbox 1419 448 1492 528; x_wconf 68' lang='grc' dir='ltr'>ἐρίῳ</span> 
     </span>
     <span class='ocr_line' id='line_1_3' title="bbox 166 536 1252 587; baseline -0.007 -6"><span class='ocrx_word' id='word_1_17' title='bbox 166 544 220 581; x_wconf 78' lang='lat' dir='ltr'>ore</span> <span class='ocrx_word' id='word_1_18' title='bbox 253 543 350 587; x_wconf 74' lang='grc' dir='ltr'>αντες.</span> <span class='ocrx_word' id='word_1_19' title='bbox 1246 536 1252 573; x_wconf 87' lang='lat' dir='ltr'>t</span> 
     </span>
    </p>

    <p class='ocr_par' dir='ltr' id='par_1_3' title="bbox 166 535 1490 893">
     <span class='ocr_line' id='line_1_4' title="bbox 224 535 1488 671; baseline 0.001 -22"><span class='ocrx_word' id='word_1_20' title='bbox 224 535 271 666; x_wconf 55' lang='grc' dir='ltr'>φῇ.</span> <span class='ocrx_word' id='word_1_21' title='bbox 293 604 338 659; x_wconf 73' lang='grc'>50.</span> <span class='ocrx_word' id='word_1_22' title='bbox 365 597 475 669; x_wconf 82' lang='lat' dir='ltr'>Optare</span> <span class='ocrx_word' id='word_1_23' title='bbox 497 594 548 647; x_wconf 83' lang='lat' dir='ltr'>ltoe</span> <span class='ocrx_word' id='word_1_24' title='bbox 568 594 675 668; x_wconf 75' lang='lat' dir='ltr'>quidem</span> <span class='ocrx_word' id='word_1_25' title='bbox 694 599 748 664; x_wconf 85' lang='lat' dir='ltr'>est]</span> <span class='ocrx_word' id='word_1_26' title='bbox 775 595 870 650; x_wconf 80' lang='lat' dir='ltr'>Placet</span> <span class='ocrx_word' id='word_1_27' title='bbox 895 601 1054 649; x_wconf 77' lang='lat' dir='ltr'>coniectura</span> <span class='ocrx_word' id='word_1_28' title='bbox 1081 614 1192 663; x_wconf 87' lang='lat' dir='ltr'>eorum,</span> <span class='ocrx_word' id='word_1_29' title='bbox 1221 601 1268 668; x_wconf 89' lang='lat' dir='ltr'>qui</span> <span class='ocrx_word' id='word_1_30' title='bbox 1296 597 1344 650; x_wconf 87' lang='lat' dir='ltr'>bio</span> <span class='ocrx_word' id='word_1_31' title='bbox 1371 608 1488 671; x_wconf 79' lang='lat' dir='ltr'>captare</span> 
     </span>
     <span class='ocr_line' id='line_1_5' title="bbox 168 669 1490 747; baseline 0.001 -21"><span class='ocrx_word' id='word_1_32' title='bbox 168 690 238 747; x_wconf 90' lang='lat' dir='ltr'>pro,</span> <span class='ocrx_word' id='word_1_33' title='bbox 266 682 380 744; x_wconf 81' lang='lat' dir='ltr'>optare,</span> <span class='ocrx_word' id='word_1_34' title='bbox 408 670 554 744; x_wconf 78' lang='lat' dir='ltr'>legendum</span> <span class='ocrx_word' id='word_1_35' title='bbox 577 685 681 744; x_wconf 85' lang='lat' dir='ltr'>putent.</span> <span class='ocrx_word' id='word_1_36' title='bbox 728 675 797 725; x_wconf 79' lang='lat' dir='ltr'>bem</span> <span class='ocrx_word' id='word_1_37' title='bbox 823 688 851 725; x_wconf 83' lang='lat' dir='ltr'>et</span> <span class='ocrx_word' id='word_1_38' title='bbox 869 671 961 745; x_wconf 79' lang='lat' dir='ltr'>lapsus</span> <span class='ocrx_word' id='word_1_39' title='bbox 986 669 1075 725; x_wconf 68' lang='lat' dir='ltr'>facilis</span> <span class='ocrx_word' id='word_1_40' title='bbox 1096 670 1164 737; x_wconf 85' lang='lat' dir='ltr'>luit,</span> <span class='ocrx_word' id='word_1_41' title='bbox 1194 688 1219 724; x_wconf 90' lang='lat' dir='ltr'>et</span> <span class='ocrx_word' id='word_1_42' title='bbox 1249 690 1340 726; x_wconf 82' lang='lat' dir='ltr'>sermo</span> <span class='ocrx_word' id='word_1_43' title='bbox 1360 690 1402 728; x_wconf 84' lang='lat' dir='ltr'>cst</span> <span class='ocrx_word' id='word_1_44' title='bbox 1426 692 1490 727; x_wconf 83' lang='lat' dir='ltr'>tunt</span> 
     </span>
     <span class='ocr_line' id='line_1_6' title="bbox 166 745 1488 821; baseline 0.001 -20"><span class='ocrx_word' id='word_1_45' title='bbox 166 749 298 812; x_wconf 81' lang='lat' dir='ltr'>Zenone,</span> <span class='ocrx_word' id='word_1_46' title='bbox 332 750 378 819; x_wconf 89' lang='lat' dir='ltr'>qui</span> <span class='ocrx_word' id='word_1_47' title='bbox 411 750 530 820; x_wconf 84' lang='lat' dir='ltr'>spinosis</span> <span class='ocrx_word' id='word_1_48' title='bbox 559 761 587 800; x_wconf 90' lang='lat' dir='ltr'>et</span> <span class='ocrx_word' id='word_1_49' title='bbox 613 751 716 819; x_wconf 76' lang='lat' dir='ltr'>ergutis</span> <span class='ocrx_word' id='word_1_50' title='bbox 744 746 981 801; x_wconf 69' lang='lat' dir='ltr'><strong>conclusiunculis</strong></span> <span class='ocrx_word' id='word_1_51' title='bbox 1010 745 1156 821; x_wconf 72' lang='lat' dir='ltr'><strong>captabat,</strong></span> <span class='ocrx_word' id='word_1_52' title='bbox 1189 752 1289 820; x_wconf 76' lang='lat' dir='ltr'>itaque</span> <span class='ocrx_word' id='word_1_53' title='bbox 1302 748 1387 802; x_wconf 84' lang='lat' dir='ltr'>modo</span> <span class='ocrx_word' id='word_1_54' title='bbox 1408 748 1488 817; x_wconf 75' lang='lat' dir='ltr'>dixit,</span> 
     </span>
     <span class='ocr_line' id='line_1_7' title="bbox 168 812 1123 893; baseline -0.006 -19"><span class='ocrx_word' id='word_1_55' title='bbox 168 823 246 893; x_wconf 80' lang='lat' dir='ltr'>Quid</span> <span class='ocrx_word' id='word_1_56' title='bbox 266 841 309 873; x_wconf 87' lang='lat' dir='ltr'>me</span> <span class='ocrx_word' id='word_1_57' title='bbox 331 824 450 893; x_wconf 78' lang='lat' dir='ltr'>decipis,</span> <span class='ocrx_word' id='word_1_58' title='bbox 475 821 571 872; x_wconf 81' lang='lat' dir='ltr'>Zeno?</span> <span class='ocrx_word' id='word_1_59' title='bbox 1113 812 1123 839; x_wconf 78' lang='lat'>&#39;</span> 
     </span>
    </p>

    <p class='ocr_par' dir='ltr' id='par_1_4' title="bbox 169 895 1487 1044">
     <span class='ocr_line' id='line_1_8' title="bbox 246 895 1487 971; baseline 0 -19"><span class='ocrx_word' id='word_1_60' title='bbox 246 896 337 952; x_wconf 88' lang='lat' dir='ltr'>lbid.</span> <span class='ocrx_word' id='word_1_61' title='bbox 371 914 432 948; x_wconf 84' lang='lat' dir='ltr'>sum</span> <span class='ocrx_word' id='word_1_62' title='bbox 459 895 641 966; x_wconf 82' lang='lat' dir='ltr'>turpitudinis</span> <span class='ocrx_word' id='word_1_63' title='bbox 667 896 741 948; x_wconf 85' lang='lat' dir='ltr'>melo</span> <span class='ocrx_word' id='word_1_64' title='bbox 767 896 994 968; x_wconf 81' lang='lat' dir='ltr'>comparendum]</span> <span class='ocrx_word' id='word_1_65' title='bbox 1028 896 1233 969; x_wconf 79' lang='lat' dir='ltr'>comparando,</span> <span class='ocrx_word' id='word_1_66' title='bbox 1265 897 1336 971; x_wconf 89' lang='lat' dir='ltr'>quod</span> <span class='ocrx_word' id='word_1_67' title='bbox 1366 903 1396 952; x_wconf 88' lang='lat' dir='ltr'>iu</span> <span class='ocrx_word' id='word_1_68' title='bbox 1424 899 1487 952; x_wconf 87' lang='lat' dir='ltr'>eliis</span> 
     </span>
     <span class='ocr_line' id='line_1_9' title="bbox 169 971 951 1044; baseline -0.005 -18"><span class='ocrx_word' id='word_1_69' title='bbox 169 971 342 1026; x_wconf 71' lang='lat' dir='ltr'>editionibus</span> <span class='ocrx_word' id='word_1_70' title='bbox 365 971 479 1042; x_wconf 79' lang='lat' dir='ltr'>legitur,</span> <span class='ocrx_word' id='word_1_71' title='bbox 506 975 649 1044; x_wconf 86' lang='lat' dir='ltr'>perspicue</span> <span class='ocrx_word' id='word_1_72' title='bbox 667 972 765 1023; x_wconf 87' lang='lat' dir='ltr'>ielsnm</span> <span class='ocrx_word' id='word_1_73' title='bbox 784 987 835 1024; x_wconf 90' lang='lat' dir='ltr'>est.</span> <span class='ocrx_word' id='word_1_74' title='bbox 948 978 951 991; x_wconf 94' lang='lat'>&#39;</span> 
     </span>
    </p>

    <p class='ocr_par' dir='ltr' id='par_1_5' title="bbox 159 1044 1524 1327">
     <span class='ocr_line' id='line_1_10' title="bbox 246 1044 1488 1119; baseline 0.005 -22"><span class='ocrx_word' id='word_1_75' title='bbox 246 1051 270 1115; x_wconf 61' lang='grc' dir='ltr'>ς.</span> <span class='ocrx_word' id='word_1_76' title='bbox 290 1054 335 1107; x_wconf 77' lang='lat'>31.</span> <span class='ocrx_word' id='word_1_77' title='bbox 362 1047 504 1098; x_wconf 77' lang='lat' dir='ltr'>debilitari</span> <span class='ocrx_word' id='word_1_78' title='bbox 543 1046 647 1114; x_wconf 82' lang='lat' dir='ltr'>dolere]</span> <span class='ocrx_word' id='word_1_79' title='bbox 684 1047 730 1098; x_wconf 86' lang='lat' dir='ltr'>Sic</span> <span class='ocrx_word' id='word_1_80' title='bbox 753 1048 821 1098; x_wconf 80' lang='lat' dir='ltr'>ittet</span> <span class='ocrx_word' id='word_1_81' title='bbox 844 1044 1050 1119; x_wconf 79' lang='lat' dir='ltr'>distinguuntur</span> <span class='ocrx_word' id='word_1_82' title='bbox 1076 1051 1106 1098; x_wconf 93' lang='lat' dir='ltr'>in</span> <span class='ocrx_word' id='word_1_83' title='bbox 1132 1045 1260 1100; x_wconf 87' lang='lat' dir='ltr'>omnibus</span> <span class='ocrx_word' id='word_1_84' title='bbox 1285 1045 1380 1114; x_wconf 79' lang='lat' dir='ltr'>libris,</span> <span class='ocrx_word' id='word_1_85' title='bbox 1403 1064 1434 1101; x_wconf 88' lang='lat' dir='ltr'>ut</span> <span class='ocrx_word' id='word_1_86' title='bbox 1456 1063 1488 1103; x_wconf 84' lang='lat' dir='ltr'>et</span> 
     </span>
     <span class='ocr_line' id='line_1_11' title="bbox 169 1085 1487 1193; baseline 0.001 -19"><span class='ocrx_word' id='word_1_87' title='bbox 169 1123 230 1177; x_wconf 83' lang='lat' dir='ltr'>Lib.</span> <span class='ocrx_word' id='word_1_88' title='bbox 248 1129 274 1179; x_wconf 83' lang='grc'>2.</span> <span class='ocrx_word' id='word_1_89' title='bbox 296 1122 331 1174; x_wconf 83' lang='lat' dir='ltr'>de</span> <span class='ocrx_word' id='word_1_90' title='bbox 349 1122 477 1172; x_wconf 73' lang='lat' dir='ltr'>Furious:</span> <span class='ocrx_word' id='word_1_91' title='bbox 498 1085 596 1173; x_wconf 59' lang='lat' dir='ltr'>botius</span> <span class='ocrx_word' id='word_1_92' title='bbox 616 1139 686 1189; x_wconf 72' lang='lat' dir='ltr'>ergo</span> <span class='ocrx_word' id='word_1_93' title='bbox 707 1122 757 1171; x_wconf 76' lang='lat' dir='ltr'>tua</span> <span class='ocrx_word' id='word_1_94' title='bbox 776 1121 923 1185; x_wconf 82' lang='lat' dir='ltr'>ditentur,</span> <span class='ocrx_word' id='word_1_95' title='bbox 946 1129 1025 1193; x_wconf 78' lang='lat' dir='ltr'>turpe</span> <span class='ocrx_word' id='word_1_96' title='bbox 1044 1140 1104 1173; x_wconf 88' lang='lat' dir='ltr'>esse</span> <span class='ocrx_word' id='word_1_97' title='bbox 1121 1127 1186 1173; x_wconf 79' lang='lat' dir='ltr'>viro</span> <span class='ocrx_word' id='word_1_98' title='bbox 1205 1123 1362 1188; x_wconf 81' lang='lat' dir='ltr'>debilt&#39;tari,</span> <span class='ocrx_word' id='word_1_99' title='bbox 1381 1122 1487 1188; x_wconf 83' lang='lat' dir='ltr'>dolere,</span> 
     </span>
     <span class='ocr_line' id='line_1_12' title="bbox 159 1197 1488 1270; baseline 0 -21"><span class='ocrx_word' id='word_1_100' title='bbox 159 1199 291 1269; x_wconf 79' lang='lat' dir='ltr'>jrattgt&#39;,</span> <span class='ocrx_word' id='word_1_101' title='bbox 322 1197 503 1249; x_wconf 81' lang='lat' dir='ltr'>stueitmbere.</span> <span class='ocrx_word' id='word_1_102' title='bbox 550 1197 692 1250; x_wconf 83' lang='lat' dir='ltr'>Menutius</span> <span class='ocrx_word' id='word_1_103' title='bbox 716 1212 809 1249; x_wconf 82' lang='lat' dir='ltr'>tumen</span> <span class='ocrx_word' id='word_1_104' title='bbox 835 1212 950 1269; x_wconf 87' lang='lat' dir='ltr'>utroque</span> <span class='ocrx_word' id='word_1_105' title='bbox 972 1197 1035 1250; x_wconf 88' lang='lat' dir='ltr'>loco</span> <span class='ocrx_word' id='word_1_106' title='bbox 1062 1197 1165 1251; x_wconf 84' lang='lat' dir='ltr'>metult</span> <span class='ocrx_word' id='word_1_107' title='bbox 1190 1202 1361 1250; x_wconf 85' lang='lat' dir='ltr'>coniunctim</span> <span class='ocrx_word' id='word_1_108' title='bbox 1385 1197 1488 1270; x_wconf 72' lang='lat' dir='ltr'>legere,</span> 
     </span>
     <span class='ocr_line' id='line_1_13' title="bbox 168 1273 1524 1327; baseline 0.002 -3"><span class='ocrx_word' id='word_1_109' title='bbox 168 1273 314 1324; x_wconf 77' lang='lat' dir='ltr'>debilitari</span> <span class='ocrx_word' id='word_1_110' title='bbox 334 1273 439 1324; x_wconf 86' lang='lat' dir='ltr'>dolore.</span> <span class='ocrx_word' id='word_1_111' title='bbox 516 1282 534 1305; x_wconf 82' lang='lat'>··</span> <span class='ocrx_word' id='word_1_112' title='bbox 1519 1318 1524 1327; x_wconf 86' lang='grc'><strong><em>,</em></strong></span> 
     </span>
    </p>

    <p class='ocr_par' dir='ltr' id='par_1_6' title="bbox 170 1343 1496 1717">
     <span class='ocr_line' id='line_1_14' title="bbox 248 1343 1487 1419; baseline -0.001 -20"><span class='ocrx_word' id='word_1_113' title='bbox 248 1346 337 1401; x_wconf 91' lang='lat' dir='ltr'>lbid.</span> <span class='ocrx_word' id='word_1_114' title='bbox 364 1345 435 1399; x_wconf 77' lang='lat' dir='ltr'>rtt&#39;ltt&#39;l</span> <span class='ocrx_word' id='word_1_115' title='bbox 450 1343 644 1418; x_wconf 79' lang='lat' dir='ltr'>proficientem</span> <span class='ocrx_word' id='word_1_116' title='bbox 666 1352 694 1396; x_wconf 85' lang='lat' dir='ltr'>et</span> <span class='ocrx_word' id='word_1_117' title='bbox 715 1345 901 1415; x_wconf 75' lang='lat' dir='ltr'>laborantem]</span> <span class='ocrx_word' id='word_1_118' title='bbox 928 1345 997 1399; x_wconf 82' lang='lat' dir='ltr'>Sunt</span> <span class='ocrx_word' id='word_1_119' title='bbox 1025 1351 1072 1417; x_wconf 89' lang='lat' dir='ltr'>qui</span> <span class='ocrx_word' id='word_1_120' title='bbox 1099 1361 1195 1419; x_wconf 84' lang='lat' dir='ltr'>putent</span> <span class='ocrx_word' id='word_1_121' title='bbox 1224 1364 1333 1412; x_wconf 82' lang='lat' dir='ltr'>vocem,</span> <span class='ocrx_word' id='word_1_122' title='bbox 1353 1345 1487 1418; x_wconf 80' lang='lat' dir='ltr'>frustra,</span> 
     </span>
     <span class='ocr_line' id='line_1_15' title="bbox 170 1420 1488 1494; baseline 0.002 -20"><span class='ocrx_word' id='word_1_123' title='bbox 170 1438 219 1475; x_wconf 92' lang='lat' dir='ltr'>eut</span> <span class='ocrx_word' id='word_1_124' title='bbox 242 1423 324 1475; x_wconf 77' lang='lat' dir='ltr'>eliens</span> <span class='ocrx_word' id='word_1_125' title='bbox 347 1423 467 1491; x_wconf 85' lang='lat' dir='ltr'>eliquum</span> <span class='ocrx_word' id='word_1_126' title='bbox 492 1437 585 1492; x_wconf 79' lang='lat' dir='ltr'>parem</span> <span class='ocrx_word' id='word_1_127' title='bbox 602 1437 635 1473; x_wconf 91' lang='lat' dir='ltr'>·et</span> <span class='ocrx_word' id='word_1_128' title='bbox 658 1420 731 1472; x_wconf 89' lang='lat' dir='ltr'>idem</span> <span class='ocrx_word' id='word_1_129' title='bbox 755 1421 891 1473; x_wconf 81' lang='lat' dir='ltr'>veientem</span> <span class='ocrx_word' id='word_1_130' title='bbox 914 1420 1023 1486; x_wconf 87' lang='lat' dir='ltr'>deesse,</span> <span class='ocrx_word' id='word_1_131' title='bbox 1048 1440 1133 1492; x_wconf 88' lang='lat' dir='ltr'>quum</span> <span class='ocrx_word' id='word_1_132' title='bbox 1152 1423 1249 1476; x_wconf 86' lang='lat' dir='ltr'>Cicero</span> <span class='ocrx_word' id='word_1_133' title='bbox 1269 1428 1403 1494; x_wconf 86' lang='lat' dir='ltr'>scriptum</span> <span class='ocrx_word' id='word_1_134' title='bbox 1424 1423 1488 1476; x_wconf 87' lang='lat' dir='ltr'>reli-</span> 
     </span>
     <span class='ocr_line' id='line_1_16' title="bbox 170 1494 1490 1570; baseline 0.002 -21"><span class='ocrx_word' id='word_1_135' title='bbox 170 1504 264 1570; x_wconf 84' lang='lat' dir='ltr'>quisse</span> <span class='ocrx_word' id='word_1_136' title='bbox 286 1497 423 1550; x_wconf 79' lang='lat' dir='ltr'>videntur:</span> <span class='ocrx_word' id='word_1_137' title='bbox 448 1504 478 1547; x_wconf 92' lang='lat' dir='ltr'>et</span> <span class='ocrx_word' id='word_1_138' title='bbox 488 1494 610 1566; x_wconf 85' lang='lat' dir='ltr'>frustra</span> <span class='ocrx_word' id='word_1_139' title='bbox 629 1495 811 1548; x_wconf 72' lang='lat' dir='ltr'><em>laborantem.</em></span> <span class='ocrx_word' id='word_1_140' title='bbox 850 1497 909 1567; x_wconf 74' lang='lat' dir='ltr'>Ego</span> <span class='ocrx_word' id='word_1_141' title='bbox 930 1498 1024 1548; x_wconf 86' lang='lat' dir='ltr'>locum</span> <span class='ocrx_word' id='word_1_142' title='bbox 1043 1503 1084 1549; x_wconf 87' lang='lat' dir='ltr'>sic</span> <span class='ocrx_word' id='word_1_143' title='bbox 1101 1502 1282 1570; x_wconf 85' lang='lat' dir='ltr'>interpretor:</span> <span class='ocrx_word' id='word_1_144' title='bbox 1305 1498 1490 1551; x_wconf 86' lang='lat' dir='ltr'>Prudentiene</span> 
     </span>
     <span class='ocr_line' id='line_1_17' title="bbox 170 1568 1489 1646; baseline 0.002 -22"><span class='ocrx_word' id='word_1_145' title='bbox 170 1578 330 1646; x_wconf 75' lang='lat' dir='ltr'>permittet,</span> <span class='ocrx_word' id='word_1_146' title='bbox 352 1589 382 1625; x_wconf 89' lang='lat' dir='ltr'>ut</span> <span class='ocrx_word' id='word_1_147' title='bbox 401 1576 549 1643; x_wconf 82' lang='lat' dir='ltr'>quicquum</span> <span class='ocrx_word' id='word_1_148' title='bbox 566 1568 721 1636; x_wconf 64' lang='lat' dir='ltr'>incius,*in</span> <span class='ocrx_word' id='word_1_149' title='bbox 739 1587 794 1642; x_wconf 91' lang='lat' dir='ltr'>quo</span> <span class='ocrx_word' id='word_1_150' title='bbox 813 1588 897 1641; x_wconf 87' lang='lat' dir='ltr'>quotu</span> <span class='ocrx_word' id='word_1_151' title='bbox 917 1569 1025 1625; x_wconf 88' lang='lat' dir='ltr'>lnbores</span> <span class='ocrx_word' id='word_1_152' title='bbox 1042 1586 1070 1625; x_wconf 92' lang='lat' dir='ltr'>et</span> <span class='ocrx_word' id='word_1_153' title='bbox 1087 1571 1230 1625; x_wconf 82' lang='lat' dir='ltr'>molestius</span> <span class='ocrx_word' id='word_1_154' title='bbox 1245 1578 1397 1639; x_wconf 82' lang='lat' dir='ltr'>sustinete,</span> <span class='ocrx_word' id='word_1_155' title='bbox 1416 1573 1489 1627; x_wconf 84' lang='lat' dir='ltr'>nibil</span> 
     </span>
     <span class='ocr_line' id='line_1_18' title="bbox 171 1644 1496 1717; baseline -0.002 -15"><span class='ocrx_word' id='word_1_156' title='bbox 171 1665 263 1702; x_wconf 82' lang='lat' dir='ltr'>tomen</span> <span class='ocrx_word' id='word_1_157' title='bbox 285 1647 463 1701; x_wconf 80' lang='lat' dir='ltr'>emolumenti</span> <span class='ocrx_word' id='word_1_158' title='bbox 491 1662 537 1700; x_wconf 84' lang='lat' dir='ltr'>tut</span> <span class='ocrx_word' id='word_1_159' title='bbox 558 1644 665 1699; x_wconf 83' lang='lat' dir='ltr'>fructus</span> <span class='ocrx_word' id='word_1_160' title='bbox 690 1644 753 1698; x_wconf 88' lang='lat' dir='ltr'>inde</span> <span class='ocrx_word' id='word_1_161' title='bbox 776 1648 947 1717; x_wconf 76' lang='lat' dir='ltr'>assequeris?</span> <span class='ocrx_word' id='word_1_162' title='bbox 1493 1674 1496 1680; x_wconf 90' lang='lat'>·</span> 
     </span>
    </p>

    <p class='ocr_par' dir='ltr' id='par_1_7' title="bbox 194 1719 1489 1793">
     <span class='ocr_line' id='line_1_19' title="bbox 194 1719 1489 1793; baseline 0.002 -20"><span class='ocrx_word' id='word_1_163' title='bbox 194 1732 199 1743; x_wconf 87' lang='grc'><em>“</em></span> <span class='ocrx_word' id='word_1_164' title='bbox 248 1725 272 1791; x_wconf 55' lang='grc' dir='ltr'>ᾗ.</span> <span class='ocrx_word' id='word_1_165' title='bbox 292 1728 336 1783; x_wconf 71' lang='lat'>33.</span> <span class='ocrx_word' id='word_1_166' title='bbox 362 1719 554 1774; x_wconf 77' lang='lat' dir='ltr'>Pronutheum</span> <span class='ocrx_word' id='word_1_167' title='bbox 576 1730 604 1772; x_wconf 85' lang='lat' dir='ltr'>et</span> <span class='ocrx_word' id='word_1_168' title='bbox 623 1719 817 1789; x_wconf 76' lang='lat' dir='ltr'>Philoctetam]</span> <span class='ocrx_word' id='word_1_169' title='bbox 845 1722 938 1790; x_wconf 91' lang='lat' dir='ltr'>Quum</span> <span class='ocrx_word' id='word_1_170' title='bbox 962 1725 1000 1774; x_wconf 83' lang='lat' dir='ltr'>ite</span> <span class='ocrx_word' id='word_1_171' title='bbox 1018 1720 1071 1793; x_wconf 79' lang='lat' dir='ltr'>legi</span> <span class='ocrx_word' id='word_1_172' title='bbox 1093 1726 1249 1775; x_wconf 72' lang='lat' dir='ltr'>inretorto</span> <span class='ocrx_word' id='word_1_173' title='bbox 1267 1722 1381 1775; x_wconf 83' lang='lat' dir='ltr'>Mulieei</span> <span class='ocrx_word' id='word_1_174' title='bbox 1403 1721 1489 1791; x_wconf 90' lang='lat' dir='ltr'>libro,</span> 
     </span>
    </p>

    <p class='ocr_par' dir='ltr' id='par_1_8' title="bbox 171 1795 1489 2021">
     <span class='ocr_line' id='line_1_20' title="bbox 171 1795 1489 1867; baseline 0 -16"><span class='ocrx_word' id='word_1_175' title='bbox 171 1798 274 1851; x_wconf 74' lang='lat' dir='ltr'>Paulus</span> <span class='ocrx_word' id='word_1_176' title='bbox 293 1799 435 1852; x_wconf 78' lang='lat' dir='ltr'>Manutius</span> <span class='ocrx_word' id='word_1_177' title='bbox 458 1812 521 1849; x_wconf 85' lang='lat' dir='ltr'>unte</span> <span class='ocrx_word' id='word_1_178' title='bbox 541 1813 626 1859; x_wconf 71' lang='lat' dir='ltr'>annos</span> <span class='ocrx_word' id='word_1_179' title='bbox 649 1795 803 1867; x_wconf 85' lang='lat' dir='ltr'>complures</span> <span class='ocrx_word' id='word_1_180' title='bbox 830 1801 860 1848; x_wconf 89' lang='lat' dir='ltr'>in</span> <span class='ocrx_word' id='word_1_181' title='bbox 881 1795 1002 1851; x_wconf 84' lang='lat' dir='ltr'>Scholiis</span> <span class='ocrx_word' id='word_1_182' title='bbox 1027 1797 1215 1860; x_wconf 78' lang='lat' dir='ltr'>admonuerit,</span> <span class='ocrx_word' id='word_1_183' title='bbox 1240 1815 1296 1849; x_wconf 92' lang='lat' dir='ltr'>non</span> <span class='ocrx_word' id='word_1_184' title='bbox 1319 1802 1410 1850; x_wconf 86' lang='lat' dir='ltr'>minue</span> <span class='ocrx_word' id='word_1_185' title='bbox 1437 1802 1489 1851; x_wconf 87' lang='lat' dir='ltr'>itu·</span> 
     </span>
     <span class='ocr_line' id='line_1_21' title="bbox 171 1871 1489 1947; baseline 0.002 -24"><span class='ocrx_word' id='word_1_186' title='bbox 171 1878 255 1946; x_wconf 71' lang='lat' dir='ltr'>periti</span> <span class='ocrx_word' id='word_1_187' title='bbox 275 1887 354 1936; x_wconf 87' lang='lat' dir='ltr'>suot,</span> <span class='ocrx_word' id='word_1_188' title='bbox 380 1877 426 1944; x_wconf 88' lang='lat' dir='ltr'>qui</span> <span class='ocrx_word' id='word_1_189' title='bbox 445 1872 512 1924; x_wconf 85' lang='lat' dir='ltr'>heeo</span> <span class='ocrx_word' id='word_1_190' title='bbox 531 1871 610 1923; x_wconf 84' lang='lat' dir='ltr'>verbs</span> <span class='ocrx_word' id='word_1_191' title='bbox 631 1872 774 1937; x_wconf 81' lang='lat' dir='ltr'>mutilata,</span> <span class='ocrx_word' id='word_1_192' title='bbox 796 1887 877 1942; x_wconf 88' lang='lat' dir='ltr'>quem</span> <span class='ocrx_word' id='word_1_193' title='bbox 896 1876 943 1944; x_wconf 88' lang='lat' dir='ltr'>qui</span> <span class='ocrx_word' id='word_1_194' title='bbox 964 1877 1106 1944; x_wconf 75' lang='lat' dir='ltr'>sequentia</span> <span class='ocrx_word' id='word_1_195' title='bbox 1125 1876 1223 1946; x_wconf 86' lang='lat' dir='ltr'>inepto</span> <span class='ocrx_word' id='word_1_196' title='bbox 1243 1871 1405 1945; x_wconf 70' lang='lat' dir='ltr'>glossemate</span> <span class='ocrx_word' id='word_1_197' title='bbox 1425 1890 1489 1947; x_wconf 85' lang='lat' dir='ltr'>eup-</span> 
     </span>
     <span class='ocr_line' id='line_1_22' title="bbox 172 1944 707 2021; baseline -0.002 -21"><span class='ocrx_word' id='word_1_198' title='bbox 172 1949 247 2021; x_wconf 83' lang='lat' dir='ltr'>plettt</span> <span class='ocrx_word' id='word_1_199' title='bbox 269 1948 377 2019; x_wconf 77' lang='lat' dir='ltr'>legunt,</span> <span class='ocrx_word' id='word_1_200' title='bbox 401 1963 429 2001; x_wconf 82' lang='lat' dir='ltr'>et</span> <span class='ocrx_word' id='word_1_201' title='bbox 451 1944 564 2016; x_wconf 75' lang='lat' dir='ltr'>legende</span> <span class='ocrx_word' id='word_1_202' title='bbox 586 1961 707 1999; x_wconf 85' lang='lat' dir='ltr'>censent.</span> 
     </span>
    </p>
   </div>
   <div class='ocr_carea' id='block_1_3' title="bbox 249 2018 1582 2094">
    <p class='ocr_par' dir='ltr' id='par_1_9' title="bbox 249 2018 1582 2094">
     <span class='ocr_line' id='line_1_23' title="bbox 249 2018 1582 2094; baseline 0.002 -20"><span class='ocrx_word' id='word_1_203' title='bbox 249 2021 338 2075; x_wconf 90' lang='lat' dir='ltr'>ibid.</span> <span class='ocrx_word' id='word_1_204' title='bbox 364 2026 412 2093; x_wconf 80' lang='lat' dir='ltr'>qui</span> <span class='ocrx_word' id='word_1_205' title='bbox 431 2024 546 2089; x_wconf 82' lang='lat' dir='ltr'>eiulatu]</span> <span class='ocrx_word' id='word_1_206' title='bbox 573 2021 734 2074; x_wconf 85' lang='lat' dir='ltr'>immutetit</span> <span class='ocrx_word' id='word_1_207' title='bbox 753 2021 854 2075; x_wconf 89' lang='lat' dir='ltr'>Cicero</span> <span class='ocrx_word' id='word_1_208' title='bbox 876 2036 932 2073; x_wconf 88' lang='lat' dir='ltr'>nou</span> <span class='ocrx_word' id='word_1_209' title='bbox 953 2020 1026 2079; x_wconf 83' lang='lat' dir='ltr'>nihil</span> <span class='ocrx_word' id='word_1_210' title='bbox 1051 2038 1143 2074; x_wconf 79' lang='lat' dir='ltr'>tereus</span> <span class='ocrx_word' id='word_1_211' title='bbox 1167 2024 1255 2086; x_wconf 80' lang='lat' dir='ltr'>Attii,</span> <span class='ocrx_word' id='word_1_212' title='bbox 1286 2037 1353 2094; x_wconf 87' lang='lat' dir='ltr'>quos</span> <span class='ocrx_word' id='word_1_213' title='bbox 1381 2020 1427 2075; x_wconf 89' lang='lat' dir='ltr'>ille</span> <span class='ocrx_word' id='word_1_214' title='bbox 1453 2021 1488 2076; x_wconf 87' lang='lat' dir='ltr'>de</span> <span class='ocrx_word' id='word_1_215' title='bbox 1573 2018 1582 2043; x_wconf 90' lang='lat'><strong><em>‘</em></strong></span> 
     </span>
    </p>
   </div>
   <div class='ocr_carea' id='block_1_4' title="bbox 110 2095 1491 4949">
    <p class='ocr_par' dir='ltr' id='par_1_10' title="bbox 110 2095 1491 4949">
     <span class='ocr_line' id='line_1_24' title="bbox 171 2095 1487 2166; baseline 0.002 -17"><span class='ocrx_word' id='word_1_216' title='bbox 171 2113 239 2150; x_wconf 83' lang='lat' dir='ltr'>sero</span> <span class='ocrx_word' id='word_1_217' title='bbox 261 2099 376 2150; x_wconf 80' lang='lat' dir='ltr'>Lemnio</span> <span class='ocrx_word' id='word_1_218' title='bbox 399 2097 484 2158; x_wconf 82' lang='lat' dir='ltr'>dixit,</span> <span class='ocrx_word' id='word_1_219' title='bbox 508 2112 536 2148; x_wconf 89' lang='lat' dir='ltr'>ut</span> <span class='ocrx_word' id='word_1_220' title='bbox 559 2115 573 2149; x_wconf 91' lang='lat' dir='ltr'>e</span> <span class='ocrx_word' id='word_1_221' title='bbox 595 2095 654 2149; x_wconf 81' lang='lat' dir='ltr'>Lib.</span> <span class='ocrx_word' id='word_1_222' title='bbox 672 2102 699 2152; x_wconf 82' lang='grc'>2.</span> <span class='ocrx_word' id='word_1_223' title='bbox 718 2095 883 2147; x_wconf 68' lang='lat' dir='ltr'>delinitus</span> <span class='ocrx_word' id='word_1_224' title='bbox 903 2099 1090 2166; x_wconf 75' lang='lat' dir='ltr'>cognoscitur.</span> <span class='ocrx_word' id='word_1_225' title='bbox 1128 2096 1170 2150; x_wconf 91' lang='lat' dir='ltr'>De</span> <span class='ocrx_word' id='word_1_226' title='bbox 1193 2095 1289 2149; x_wconf 88' lang='lat' dir='ltr'>eodem</span> <span class='ocrx_word' id='word_1_227' title='bbox 1309 2111 1374 2149; x_wconf 80' lang='lat' dir='ltr'>sero</span> <span class='ocrx_word' id='word_1_228' title='bbox 1394 2102 1487 2151; x_wconf 72' lang='lat' dir='ltr'>Attius</span> 
     </span>
     <span class='ocr_line' id='line_1_25' title="bbox 171 2169 1489 2246; baseline 0.001 -23"><span class='ocrx_word' id='word_1_229' title='bbox 171 2170 246 2246; x_wconf 86' lang='lat' dir='ltr'>epud</span> <span class='ocrx_word' id='word_1_230' title='bbox 266 2173 404 2227; x_wconf 86' lang='lat' dir='ltr'>Nouium:</span> <span class='ocrx_word' id='word_1_231' title='bbox 432 2172 595 2242; x_wconf 82' lang='lat' dir='ltr'>Contempla</span> <span class='ocrx_word' id='word_1_232' title='bbox 618 2170 689 2223; x_wconf 78' lang='lat' dir='ltr'>haste</span> <span class='ocrx_word' id='word_1_233' title='bbox 709 2170 816 2235; x_wconf 85' lang='lat' dir='ltr'>sedem,</span> <span class='ocrx_word' id='word_1_234' title='bbox 840 2174 872 2221; x_wconf 84' lang='lat' dir='ltr'>itt</span> <span class='ocrx_word' id='word_1_235' title='bbox 894 2188 948 2241; x_wconf 72' lang='lat' dir='ltr'>quo</span> <span class='ocrx_word' id='word_1_236' title='bbox 969 2188 1023 2239; x_wconf 76' lang='lat' dir='ltr'>ego</span> <span class='ocrx_word' id='word_1_237' title='bbox 1045 2189 1145 2223; x_wconf 83' lang='lat' dir='ltr'>novem</span> <span class='ocrx_word' id='word_1_238' title='bbox 1163 2169 1264 2222; x_wconf 77' lang='lat' dir='ltr'>hiemes</span> <span class='ocrx_word' id='word_1_239' title='bbox 1284 2189 1357 2223; x_wconf 79' lang='lat' dir='ltr'>saxo</span> <span class='ocrx_word' id='word_1_240' title='bbox 1380 2179 1489 2224; x_wconf 83' lang='lat' dir='ltr'>stratus</span> 
     </span>
     <span class='ocr_line' id='line_1_26' title="bbox 168 2245 1489 2321; baseline 0.001 -23"><span class='ocrx_word' id='word_1_241' title='bbox 168 2249 284 2321; x_wconf 86' lang='lat' dir='ltr'>pertuli.</span> <span class='ocrx_word' id='word_1_242' title='bbox 329 2251 371 2301; x_wconf 88' lang='lat' dir='ltr'>De</span> <span class='ocrx_word' id='word_1_243' title='bbox 396 2247 499 2305; x_wconf 75' lang='lat' dir='ltr'>eiulatu</span> <span class='ocrx_word' id='word_1_244' title='bbox 526 2263 553 2299; x_wconf 92' lang='lat' dir='ltr'>et</span> <span class='ocrx_word' id='word_1_245' title='bbox 577 2250 682 2319; x_wconf 75' lang='lat' dir='ltr'>gemitu</span> <span class='ocrx_word' id='word_1_246' title='bbox 707 2246 877 2300; x_wconf 69' lang='lat' dir='ltr'>Philoctetae</span> <span class='ocrx_word' id='word_1_247' title='bbox 900 2251 1006 2298; x_wconf 85' lang='lat' dir='ltr'>mentio</span> <span class='ocrx_word' id='word_1_248' title='bbox 1027 2261 1069 2300; x_wconf 86' lang='lat' dir='ltr'>eet</span> <span class='ocrx_word' id='word_1_249' title='bbox 1091 2251 1120 2299; x_wconf 86' lang='lat' dir='ltr'>itt</span> <span class='ocrx_word' id='word_1_250' title='bbox 1143 2247 1222 2299; x_wconf 77' lang='lat' dir='ltr'>om.</span> <span class='ocrx_word' id='word_1_251' title='bbox 1248 2245 1282 2297; x_wconf 83' lang='lat' dir='ltr'>de</span> <span class='ocrx_word' id='word_1_252' title='bbox 1302 2247 1489 2318; x_wconf 82' lang='lat' dir='ltr'>Haruspicum</span> 
     </span>
     <span class='ocr_line' id='line_1_27' title="bbox 171 2314 1489 2395; baseline 0.002 -22"><span class='ocrx_word' id='word_1_253' title='bbox 171 2341 247 2393; x_wconf 79' lang='lat' dir='ltr'>resp.</span> <span class='ocrx_word' id='word_1_254' title='bbox 282 2314 353 2375; x_wconf 69' lang='lat' dir='ltr'>Eum</span> <span class='ocrx_word' id='word_1_255' title='bbox 374 2321 524 2395; x_wconf 85' lang='lat' dir='ltr'>Sophocles</span> <span class='ocrx_word' id='word_1_256' title='bbox 548 2325 576 2373; x_wconf 89' lang='lat' dir='ltr'>iu</span> <span class='ocrx_word' id='word_1_257' title='bbox 596 2320 753 2373; x_wconf 81' lang='lat' dir='ltr'>Philocteta</span> <span class='ocrx_word' id='word_1_258' title='bbox 776 2326 877 2393; x_wconf 76' lang='lat' dir='ltr'>tragice</span> <span class='ocrx_word' id='word_1_259' title='bbox 900 2325 1043 2394; x_wconf 82' lang='lat' dir='ltr'>expressit.</span> <span class='ocrx_word' id='word_1_260' title='bbox 1080 2322 1193 2395; x_wconf 71' lang='lat' dir='ltr'>Legitur</span> <span class='ocrx_word' id='word_1_261' title='bbox 1214 2337 1321 2393; x_wconf 88' lang='lat' dir='ltr'>quoque</span> <span class='ocrx_word' id='word_1_262' title='bbox 1343 2320 1414 2394; x_wconf 82' lang='lat' dir='ltr'>opud</span> <span class='ocrx_word' id='word_1_263' title='bbox 1435 2324 1489 2376; x_wconf 83' lang='lat' dir='ltr'>lie·</span> 
     </span>
     <span class='ocr_line' id='line_1_28' title="bbox 170 2388 1487 2474; baseline 0.002 -23"><span class='ocrx_word' id='word_1_264' title='bbox 170 2398 299 2470; x_wconf 76' lang='lat' dir='ltr'>eycbium</span> <span class='ocrx_word' id='word_1_265' title='bbox 322 2402 351 2450; x_wconf 91' lang='lat' dir='ltr'>in</span> <span class='ocrx_word' id='word_1_266' title='bbox 373 2414 439 2450; x_wconf 83' lang='lat' dir='ltr'>toee</span> <span class='ocrx_word' id='word_1_267' title='bbox 461 2395 615 2473; x_wconf 75' lang='grc' dir='ltr'>ρακτῄρια</span> <span class='ocrx_word' id='word_1_268' title='bbox 632 2413 726 2449; x_wconf 84' lang='lat' dir='ltr'>verens</span> <span class='ocrx_word' id='word_1_269' title='bbox 742 2394 776 2448; x_wconf 93' lang='lat' dir='ltr'>de</span> <span class='ocrx_word' id='word_1_270' title='bbox 796 2396 950 2450; x_wconf 84' lang='lat' dir='ltr'>Philoctete</span> <span class='ocrx_word' id='word_1_271' title='bbox 970 2388 1068 2469; x_wconf 74' lang='lat' dir='ltr'>poitn&#39;e</span> <span class='ocrx_word' id='word_1_272' title='bbox 1083 2399 1178 2449; x_wconf 86' lang='lat' dir='ltr'>nescio</span> <span class='ocrx_word' id='word_1_273' title='bbox 1193 2401 1288 2461; x_wconf 84' lang='lat' dir='ltr'>cuius,</span> <span class='ocrx_word' id='word_1_274' title='bbox 1308 2394 1385 2474; x_wconf 74' lang='grc' dir='ltr'>μέλη</span> <span class='ocrx_word' id='word_1_275' title='bbox 1402 2398 1487 2474; x_wconf 80' lang='grc' dir='ltr'>βοῶν</span> 
     </span>
     <span class='ocr_line' id='line_1_29' title="bbox 170 2468 1488 2550; baseline -0.01 -19"><span class='ocrx_word' id='word_1_276' title='bbox 170 2472 297 2531; x_wconf 66' lang='lat' dir='ltr'>anstuda</span> <span class='ocrx_word' id='word_1_277' title='bbox 318 2469 372 2529; x_wconf 81' lang='lat' dir='ltr'>stul</span> <span class='ocrx_word' id='word_1_278' title='bbox 394 2468 562 2546; x_wconf 66' lang='lat' dir='ltr'>oamrjgunt,</span> <span class='ocrx_word' id='word_1_279' title='bbox 592 2469 640 2523; x_wconf 89' lang='lat' dir='ltr'>ubi</span> <span class='ocrx_word' id='word_1_280' title='bbox 672 2470 826 2548; x_wconf 78' lang='grc' dir='ltr'>ῥακτήρια</span> <span class='ocrx_word' id='word_1_281' title='bbox 853 2475 1048 2542; x_wconf 84' lang='lat' dir='ltr'>interpretetur</span> <span class='ocrx_word' id='word_1_282' title='bbox 1068 2468 1204 2547; x_wconf 53' lang='grc' dir='ltr'>ιψοᾳώδη</span> <span class='ocrx_word' id='word_1_283' title='bbox 1226 2469 1281 2529; x_wconf 76' lang='grc' dir='ltr'>καὶ</span> <span class='ocrx_word' id='word_1_284' title='bbox 1304 2470 1488 2550; x_wconf 48' lang='lat' dir='ltr'>opprimite),</span> 
     </span>
     <span class='ocr_line' id='line_1_30' title="bbox 171 2541 1487 2618; baseline -0.002 -17"><span class='ocrx_word' id='word_1_285' title='bbox 171 2565 243 2601; x_wconf 89' lang='lat' dir='ltr'>sono</span> <span class='ocrx_word' id='word_1_286' title='bbox 261 2563 289 2599; x_wconf 90' lang='lat' dir='ltr'>et</span> <span class='ocrx_word' id='word_1_287' title='bbox 307 2547 426 2600; x_wconf 88' lang='lat' dir='ltr'>tumultu</span> <span class='ocrx_word' id='word_1_288' title='bbox 445 2548 559 2600; x_wconf 85' lang='lat' dir='ltr'>relertos</span> <span class='ocrx_word' id='word_1_289' title='bbox 579 2559 658 2615; x_wconf 82' lang='lat' dir='ltr'>etque</span> <span class='ocrx_word' id='word_1_290' title='bbox 676 2552 826 2618; x_wconf 80' lang='lat' dir='ltr'>permixtos</span> <span class='ocrx_word' id='word_1_291' title='bbox 845 2562 947 2599; x_wconf 83' lang='lat' dir='ltr'>versus.</span> <span class='ocrx_word' id='word_1_292' title='bbox 987 2549 1064 2600; x_wconf 82' lang='lat' dir='ltr'>Sicut</span> <span class='ocrx_word' id='word_1_293' title='bbox 1081 2560 1174 2600; x_wconf 84' lang='lat' dir='ltr'>nutem</span> <span class='ocrx_word' id='word_1_294' title='bbox 1192 2545 1237 2598; x_wconf 90' lang='lat' dir='ltr'>ille</span> <span class='ocrx_word' id='word_1_295' title='bbox 1278 2541 1487 2616; x_wconf 67' lang='lat' dir='ltr'>tinitonis:</span> 
     </span>
     <span class='ocr_line' id='line_1_31' title="bbox 171 2567 1488 2694; baseline -0.001 -18"><span class='ocrx_word' id='word_1_296' title='bbox 171 2627 214 2676; x_wconf 87' lang='lat' dir='ltr'>sic</span> <span class='ocrx_word' id='word_1_297' title='bbox 230 2625 319 2675; x_wconf 77' lang='lat' dir='ltr'>Attius</span> <span class='ocrx_word' id='word_1_298' title='bbox 338 2638 433 2675; x_wconf 79' lang='lat' dir='ltr'>sexum</span> <span class='ocrx_word' id='word_1_299' title='bbox 453 2628 561 2672; x_wconf 82' lang='lat' dir='ltr'>mutum</span> <span class='ocrx_word' id='word_1_300' title='bbox 578 2616 661 2679; x_wconf 81' lang='lat' dir='ltr'>leoit3</span> <span class='ocrx_word' id='word_1_301' title='bbox 683 2637 733 2692; x_wconf 88' lang='lat' dir='ltr'>pro</span> <span class='ocrx_word' id='word_1_302' title='bbox 753 2637 823 2692; x_wconf 90' lang='lat' dir='ltr'>quo,</span> <span class='ocrx_word' id='word_1_303' title='bbox 844 2621 977 2685; x_wconf 73' lang='lat' dir='ltr'>nucitum,</span> <span class='ocrx_word' id='word_1_304' title='bbox 1000 2620 1080 2692; x_wconf 75' lang='lat' dir='ltr'>vulgo</span> <span class='ocrx_word' id='word_1_305' title='bbox 1100 2620 1215 2694; x_wconf 74' lang='lat' dir='ltr'>legiturt</span> <span class='ocrx_word' id='word_1_306' title='bbox 1236 2567 1309 2676; x_wconf 61' lang='lat' dir='ltr'>illut</span> <span class='ocrx_word' id='word_1_307' title='bbox 1327 2637 1353 2674; x_wconf 87' lang='lat' dir='ltr'>et</span> <span class='ocrx_word' id='word_1_308' title='bbox 1373 2624 1402 2674; x_wconf 91' lang='lat' dir='ltr'>iu</span> <span class='ocrx_word' id='word_1_309' title='bbox 1418 2622 1488 2675; x_wconf 73' lang='lat' dir='ltr'>Are·</span> 
     </span>
     <span class='ocr_line' id='line_1_32' title="bbox 110 2694 1486 2768; baseline -0.004 -17"><span class='ocrx_word' id='word_1_310' title='bbox 110 2701 112 2704; x_wconf 80' lang='grc'><strong>’</strong></span> <span class='ocrx_word' id='word_1_311' title='bbox 171 2714 219 2752; x_wconf 89' lang='lat' dir='ltr'>teo</span> <span class='ocrx_word' id='word_1_312' title='bbox 244 2700 388 2751; x_wconf 76' lang='lat' dir='ltr'>cermiusz&#39;</span> <span class='ocrx_word' id='word_1_313' title='bbox 414 2697 476 2768; x_wconf 81' lang='lat' dir='ltr'>Ipse</span> <span class='ocrx_word' id='word_1_314' title='bbox 504 2702 597 2746; x_wconf 86' lang='lat' dir='ltr'>autem</span> <span class='ocrx_word' id='word_1_315' title='bbox 615 2694 711 2746; x_wconf 82' lang='lat' dir='ltr'>lubens</span> <span class='ocrx_word' id='word_1_316' title='bbox 731 2695 824 2746; x_wconf 80' lang='lat' dir='ltr'>muttit</span> <span class='ocrx_word' id='word_1_317' title='bbox 849 2712 932 2766; x_wconf 79' lang='lat' dir='ltr'>equus</span> <span class='ocrx_word' id='word_1_318' title='bbox 956 2695 1002 2746; x_wconf 81' lang='lat' dir='ltr'>ille</span> <span class='ocrx_word' id='word_1_319' title='bbox 1022 2703 1132 2748; x_wconf 81' lang='lat' dir='ltr'>terretur</span> <span class='ocrx_word' id='word_1_320' title='bbox 1152 2695 1292 2766; x_wconf 79' lang='lat' dir='ltr'>piscibus,</span> <span class='ocrx_word' id='word_1_321' title='bbox 1318 2695 1367 2749; x_wconf 91' lang='lat' dir='ltr'>ubi</span> <span class='ocrx_word' id='word_1_322' title='bbox 1389 2701 1486 2765; x_wconf 77' lang='lat' dir='ltr'>mutis,</span> 
     </span>
     <span class='ocr_line' id='line_1_33' title="bbox 169 2770 580 2846; baseline -0.005 -21"><span class='ocrx_word' id='word_1_323' title='bbox 169 2770 358 2846; x_wconf 84' lang='lat' dir='ltr'>reponendum</span> <span class='ocrx_word' id='word_1_324' title='bbox 380 2788 440 2826; x_wconf 86' lang='lat' dir='ltr'>esse</span> <span class='ocrx_word' id='word_1_325' title='bbox 462 2784 580 2824; x_wconf 86' lang='lat' dir='ltr'>constet.</span> 
     </span>
     <span class='ocr_line' id='line_1_34' title="bbox 152 2838 1489 2918; baseline -0.001 -18"><span class='ocrx_word' id='word_1_326' title='bbox 152 2878 155 2885; x_wconf 88' lang='lat'>·</span> <span class='ocrx_word' id='word_1_327' title='bbox 249 2846 337 2900; x_wconf 88' lang='lat' dir='ltr'>lbid.</span> <span class='ocrx_word' id='word_1_328' title='bbox 363 2838 430 2918; x_wconf 78' lang='lat' dir='ltr'>quid</span> <span class='ocrx_word' id='word_1_329' title='bbox 456 2861 628 2897; x_wconf 78' lang='lat' dir='ltr'>exornamus</span> <span class='ocrx_word' id='word_1_330' title='bbox 654 2841 896 2915; x_wconf 63' lang='lat' dir='ltr'>philosophanti]</span> <span class='ocrx_word' id='word_1_331' title='bbox 928 2843 1004 2916; x_wconf 83' lang='lat' dir='ltr'>Quid</span> <span class='ocrx_word' id='word_1_332' title='bbox 1035 2862 1206 2897; x_wconf 75' lang='lat' dir='ltr'>exornamur</span> <span class='ocrx_word' id='word_1_333' title='bbox 1229 2842 1425 2918; x_wconf 76' lang='lat' dir='ltr'>philosophia?</span> <span class='ocrx_word' id='word_1_334' title='bbox 1454 2863 1489 2899; x_wconf 77' lang='lat' dir='ltr'>er</span> 
     </span>
     <span class='ocr_line' id='line_1_35' title="bbox 139 2917 1063 2994; baseline -0.009 -14"><span class='ocrx_word' id='word_1_335' title='bbox 139 2964 143 2969; x_wconf 91' lang='lat'>-</span> <span class='ocrx_word' id='word_1_336' title='bbox 169 2921 265 2980; x_wconf 77' lang='lat' dir='ltr'>Nouio</span> <span class='ocrx_word' id='word_1_337' title='bbox 289 2922 422 2977; x_wconf 75' lang='lat' dir='ltr'>Marcello</span> <span class='ocrx_word' id='word_1_338' title='bbox 444 2925 474 2974; x_wconf 88' lang='lat' dir='ltr'>in</span> <span class='ocrx_word' id='word_1_339' title='bbox 495 2918 578 2973; x_wconf 81' lang='lat' dir='ltr'>verbo</span> <span class='ocrx_word' id='word_1_340' title='bbox 598 2918 717 2971; x_wconf 72' lang='lat' dir='ltr'>Exorito</span> <span class='ocrx_word' id='word_1_341' title='bbox 738 2918 810 2992; x_wconf 76' lang='lat' dir='ltr'>lego.</span> <span class='ocrx_word' id='word_1_342' title='bbox 848 2917 942 2993; x_wconf 77' lang='lat' dir='ltr'>(isaie</span> <span class='ocrx_word' id='word_1_343' title='bbox 964 2917 1063 2994; x_wconf 81' lang='lat' dir='ltr'>renel)</span> 
     </span>
     <span class='ocr_line' id='line_1_36' title="bbox 246 2992 1487 3069; baseline -0.002 -20"><span class='ocrx_word' id='word_1_344' title='bbox 246 2997 270 3064; x_wconf 72' lang='lat'>§-</span> <span class='ocrx_word' id='word_1_345' title='bbox 289 3000 335 3059; x_wconf 76' lang='lat'>56.</span> <span class='ocrx_word' id='word_1_346' title='bbox 361 2996 433 3049; x_wconf 68' lang='lat' dir='ltr'>uidit</span> <span class='ocrx_word' id='word_1_347' title='bbox 447 2994 545 3047; x_wconf 81' lang='lat' dir='ltr'>horum</span> <span class='ocrx_word' id='word_1_348' title='bbox 560 2994 650 3045; x_wconf 80' lang='lat' dir='ltr'>simiis</span> <span class='ocrx_word' id='word_1_349' title='bbox 667 2997 738 3064; x_wconf 79' lang='lat' dir='ltr'>esse]</span> <span class='ocrx_word' id='word_1_350' title='bbox 764 2994 832 3047; x_wconf 85' lang='lat' dir='ltr'>Tres</span> <span class='ocrx_word' id='word_1_351' title='bbox 850 2994 897 3048; x_wconf 91' lang='lat' dir='ltr'>bio</span> <span class='ocrx_word' id='word_1_352' title='bbox 912 3012 1004 3049; x_wconf 82' lang='lat' dir='ltr'>tersus</span> <span class='ocrx_word' id='word_1_353' title='bbox 1020 3010 1084 3049; x_wconf 89' lang='lat' dir='ltr'>suut</span> <span class='ocrx_word' id='word_1_354' title='bbox 1103 2992 1244 3049; x_wconf 83' lang='lat' dir='ltr'>cuiusdem</span> <span class='ocrx_word' id='word_1_355' title='bbox 1261 2998 1359 3049; x_wconf 83' lang='lat' dir='ltr'>veteris</span> <span class='ocrx_word' id='word_1_356' title='bbox 1379 2996 1487 3069; x_wconf 80' lang='lat' dir='ltr'>poitee,</span> 
     </span>
     <span class='ocr_line' id='line_1_37' title="bbox 172 3067 846 3147; baseline -0.003 -23"><span class='ocrx_word' id='word_1_357' title='bbox 172 3086 288 3126; x_wconf 84' lang='lat' dir='ltr'>euctorc</span> <span class='ocrx_word' id='word_1_358' title='bbox 307 3073 425 3147; x_wconf 85' lang='lat' dir='ltr'>losepbo</span> <span class='ocrx_word' id='word_1_359' title='bbox 445 3070 601 3142; x_wconf 67' lang='lat' dir='ltr'>scaligero,</span> <span class='ocrx_word' id='word_1_360' title='bbox 626 3073 666 3122; x_wconf 83' lang='lat' dir='ltr'>itu</span> <span class='ocrx_word' id='word_1_361' title='bbox 688 3067 846 3141; x_wconf 80' lang='lat' dir='ltr'>digerendi:</span> 
     </span>
     <span class='ocr_line' id='line_1_38' title="bbox 432 3142 1121 3217; baseline -0.003 -20"><span class='ocrx_word' id='word_1_362' title='bbox 432 3145 486 3198; x_wconf 83' lang='lat' dir='ltr'>Nil</span> <span class='ocrx_word' id='word_1_363' title='bbox 501 3144 601 3196; x_wconf 77' lang='lat' dir='ltr'>horum</span> <span class='ocrx_word' id='word_1_364' title='bbox 618 3145 708 3196; x_wconf 81' lang='lat' dir='ltr'>sistite</span> <span class='ocrx_word' id='word_1_365' title='bbox 726 3142 802 3217; x_wconf 81' lang='lat' dir='ltr'>apud</span> <span class='ocrx_word' id='word_1_366' title='bbox 819 3142 965 3197; x_wconf 66' lang='lat' dir='ltr'>lacunas</span> <span class='ocrx_word' id='word_1_367' title='bbox 981 3148 1121 3213; x_wconf 74' lang='lat' dir='ltr'>virgines,</span> 
     </span>
     <span class='ocr_line' id='line_1_39' title="bbox 433 3218 1242 3292; baseline 0 -22"><span class='ocrx_word' id='word_1_368' title='bbox 433 3218 503 3292; x_wconf 77' lang='lat' dir='ltr'>Quis</span> <span class='ocrx_word' id='word_1_369' title='bbox 520 3219 608 3288; x_wconf 71' lang='lat' dir='ltr'>magi&#39;</span> <span class='ocrx_word' id='word_1_370' title='bbox 622 3221 785 3290; x_wconf 81' lang='lat' dir='ltr'>palaestra,</span> <span class='ocrx_word' id='word_1_371' title='bbox 804 3218 932 3285; x_wconf 73' lang='lat' dir='ltr'>Eurota,</span> <span class='ocrx_word' id='word_1_372' title='bbox 950 3220 1009 3286; x_wconf 90' lang='lat' dir='ltr'>sol,</span> <span class='ocrx_word' id='word_1_373' title='bbox 1024 3220 1134 3291; x_wconf 75' lang='lat' dir='ltr'>politis,</span> <span class='ocrx_word' id='word_1_374' title='bbox 1153 3218 1242 3285; x_wconf 77' lang='lat' dir='ltr'>labos,</span> 
     </span>
     <span class='ocr_line' id='line_1_40' title="bbox 432 3292 1193 3364; baseline 0 -18"><span class='ocrx_word' id='word_1_375' title='bbox 432 3296 546 3347; x_wconf 86' lang='lat' dir='ltr'>Militia</span> <span class='ocrx_word' id='word_1_376' title='bbox 564 3300 595 3345; x_wconf 87' lang='lat' dir='ltr'>irs</span> <span class='ocrx_word' id='word_1_377' title='bbox 612 3293 704 3346; x_wconf 82' lang='lat' dir='ltr'>studio</span> <span class='ocrx_word' id='word_1_378' title='bbox 723 3302 782 3359; x_wconf 82' lang='lat' dir='ltr'>est,</span> <span class='ocrx_word' id='word_1_379' title='bbox 801 3312 883 3364; x_wconf 81' lang='lat' dir='ltr'>quam</span> <span class='ocrx_word' id='word_1_380' title='bbox 892 3292 1043 3364; x_wconf 79' lang='lat' dir='ltr'>fertilitas</span> <span class='ocrx_word' id='word_1_381' title='bbox 1061 3294 1193 3346; x_wconf 78' lang='lat' dir='ltr'>barbara.</span> 
     </span>
     <span class='ocr_line' id='line_1_41' title="bbox 170 3367 1490 3444; baseline 0.005 -21"><span class='ocrx_word' id='word_1_382' title='bbox 170 3369 318 3425; x_wconf 83' lang='lat' dir='ltr'>Turnebus</span> <span class='ocrx_word' id='word_1_383' title='bbox 345 3388 453 3443; x_wconf 85' lang='lat' dir='ltr'>quoque</span> <span class='ocrx_word' id='word_1_384' title='bbox 475 3370 535 3423; x_wconf 87' lang='lat' dir='ltr'>Lib.</span> <span class='ocrx_word' id='word_1_385' title='bbox 555 3373 584 3427; x_wconf 84' lang='lat'>9.</span> <span class='ocrx_word' id='word_1_386' title='bbox 616 3368 738 3423; x_wconf 82' lang='lat' dir='ltr'>Aduers.</span> <span class='ocrx_word' id='word_1_387' title='bbox 767 3387 830 3438; x_wconf 72' lang='lat' dir='ltr'>cap.</span> <span class='ocrx_word' id='word_1_388' title='bbox 852 3374 896 3429; x_wconf 78' lang='lat'>18.</span> <span class='ocrx_word' id='word_1_389' title='bbox 926 3374 1023 3423; x_wconf 84' lang='lat' dir='ltr'>veteris</span> <span class='ocrx_word' id='word_1_390' title='bbox 1054 3371 1152 3442; x_wconf 74' lang='lat' dir='ltr'>poitee</span> <span class='ocrx_word' id='word_1_391' title='bbox 1177 3367 1260 3422; x_wconf 85' lang='lat' dir='ltr'>verbe</span> <span class='ocrx_word' id='word_1_392' title='bbox 1288 3375 1426 3444; x_wconf 73' lang='lat' dir='ltr'>agnoscit,</span> <span class='ocrx_word' id='word_1_393' title='bbox 1456 3387 1490 3429; x_wconf 83' lang='lat' dir='ltr'>eo</span> 
     </span>
     <span class='ocr_line' id='line_1_42' title="bbox 163 3440 1488 3519; baseline 0.004 -22"><span class='ocrx_word' id='word_1_394' title='bbox 163 3443 357 3519; x_wconf 76' lang='lat' dir='ltr'>firtilitatem</span> <span class='ocrx_word' id='word_1_395' title='bbox 372 3440 541 3511; x_wconf 71' lang='lat' dir='ltr'>lasbara&#39;trt,</span> <span class='ocrx_word' id='word_1_396' title='bbox 561 3442 741 3498; x_wconf 84' lang='lat' dir='ltr'>berberorum</span> <span class='ocrx_word' id='word_1_397' title='bbox 756 3442 870 3498; x_wconf 86' lang='lat' dir='ltr'>delicies</span> <span class='ocrx_word' id='word_1_398' title='bbox 886 3458 914 3498; x_wconf 90' lang='lat' dir='ltr'>et</span> <span class='ocrx_word' id='word_1_399' title='bbox 930 3448 1026 3517; x_wconf 80' lang='lat' dir='ltr'>copies</span> <span class='ocrx_word' id='word_1_400' title='bbox 1042 3448 1249 3517; x_wconf 79' lang='lat' dir='ltr'>interpretetur.</span> <span class='ocrx_word' id='word_1_401' title='bbox 1286 3444 1356 3501; x_wconf 82' lang='lat' dir='ltr'>Vide</span> <span class='ocrx_word' id='word_1_402' title='bbox 1371 3446 1488 3503; x_wconf 87' lang='lat' dir='ltr'>eundem</span> 
     </span>
     <span class='ocr_line' id='line_1_43' title="bbox 170 3521 429 3581; baseline -0.004 -6"><span class='ocrx_word' id='word_1_403' title='bbox 170 3521 233 3576; x_wconf 64' lang='lat' dir='ltr'>me</span> <span class='ocrx_word' id='word_1_404' title='bbox 255 3524 282 3578; x_wconf 61' lang='lat'>4·</span> <span class='ocrx_word' id='word_1_405' title='bbox 303 3540 337 3573; x_wconf 70' lang='lat' dir='ltr'>Ca</span> <span class='ocrx_word' id='word_1_406' title='bbox 356 3559 364 3575; x_wconf 74' lang='lat' dir='ltr'>s</span> <span class='ocrx_word' id='word_1_407' title='bbox 385 3528 429 3581; x_wconf 70' lang='lat'>18·</span> 
     </span>
     <span class='ocr_line' id='line_1_44' title="bbox 248 3540 1489 3670; baseline -0.001 -18"><span class='ocrx_word' id='word_1_408' title='bbox 248 3597 273 3663; x_wconf 82' lang='lat'>§.</span> <span class='ocrx_word' id='word_1_409' title='bbox 292 3540 355 3657; x_wconf 50' lang='lat' dir='ltr'>st?</span> <span class='ocrx_word' id='word_1_410' title='bbox 364 3596 476 3648; x_wconf 81' lang='lat' dir='ltr'>Militia</span> <span class='ocrx_word' id='word_1_411' title='bbox 495 3597 576 3664; x_wconf 81' lang='lat' dir='ltr'>vero]</span> <span class='ocrx_word' id='word_1_412' title='bbox 602 3591 738 3666; x_wconf 83' lang='lat' dir='ltr'>Equidem</span> <span class='ocrx_word' id='word_1_413' title='bbox 758 3609 816 3646; x_wconf 87' lang='lat' dir='ltr'>nou</span> <span class='ocrx_word' id='word_1_414' title='bbox 836 3590 948 3659; x_wconf 86' lang='lat' dir='ltr'>dubito,</span> <span class='ocrx_word' id='word_1_415' title='bbox 971 3597 1038 3665; x_wconf 90' lang='lat' dir='ltr'>quin</span> <span class='ocrx_word' id='word_1_416' title='bbox 1052 3592 1204 3648; x_wconf 80' lang='lat' dir='ltr'>Lambinus</span> <span class='ocrx_word' id='word_1_417' title='bbox 1222 3610 1333 3663; x_wconf 86' lang='lat' dir='ltr'>notter,</span> <span class='ocrx_word' id='word_1_418' title='bbox 1352 3611 1405 3670; x_wconf 83' lang='lat' dir='ltr'>que</span> <span class='ocrx_word' id='word_1_419' title='bbox 1423 3595 1489 3651; x_wconf 90' lang='lat' dir='ltr'>rell·</span> 
     </span>
     <span class='ocr_line' id='line_1_45' title="bbox 111 3667 1489 3745; baseline 0.001 -21"><span class='ocrx_word' id='word_1_420' title='bbox 111 3708 116 3717; x_wconf 86' lang='lat'><em>-</em></span> <span class='ocrx_word' id='word_1_421' title='bbox 171 3675 256 3744; x_wconf 65' lang='lat' dir='ltr'>gioue</span> <span class='ocrx_word' id='word_1_422' title='bbox 278 3675 321 3724; x_wconf 82' lang='lat' dir='ltr'>vit</span> <span class='ocrx_word' id='word_1_423' title='bbox 341 3685 400 3737; x_wconf 89' lang='lat' dir='ltr'>est,</span> <span class='ocrx_word' id='word_1_424' title='bbox 423 3689 457 3725; x_wconf 82' lang='lat' dir='ltr'>ex</span> <span class='ocrx_word' id='word_1_425' title='bbox 478 3669 558 3722; x_wconf 84' lang='lat' dir='ltr'>librit</span> <span class='ocrx_word' id='word_1_426' title='bbox 582 3673 697 3722; x_wconf 88' lang='lat' dir='ltr'>vetustis</span> <span class='ocrx_word' id='word_1_427' title='bbox 720 3669 794 3722; x_wconf 89' lang='lat' dir='ltr'>huuc</span> <span class='ocrx_word' id='word_1_428' title='bbox 816 3667 911 3721; x_wconf 89' lang='lat' dir='ltr'>locum</span> <span class='ocrx_word' id='word_1_429' title='bbox 932 3667 1117 3723; x_wconf 84' lang='lat' dir='ltr'>emendeverit</span> <span class='ocrx_word' id='word_1_430' title='bbox 1145 3685 1227 3742; x_wconf 87' lang='lat' dir='ltr'>etque</span> <span class='ocrx_word' id='word_1_431' title='bbox 1251 3675 1389 3745; x_wconf 74' lang='lat' dir='ltr'>integrum</span> <span class='ocrx_word' id='word_1_432' title='bbox 1416 3670 1489 3726; x_wconf 89' lang='lat' dir='ltr'>lece-</span> 
     </span>
     <span class='ocr_line' id='line_1_46' title="bbox 171 3743 1489 3817; baseline -0.001 -17"><span class='ocrx_word' id='word_1_433' title='bbox 171 3751 226 3801; x_wconf 85' lang='lat' dir='ltr'>rit:</span> <span class='ocrx_word' id='word_1_434' title='bbox 248 3745 297 3800; x_wconf 86' lang='lat' dir='ltr'>eed</span> <span class='ocrx_word' id='word_1_435' title='bbox 318 3761 426 3811; x_wconf 86' lang='lat' dir='ltr'>temen,</span> <span class='ocrx_word' id='word_1_436' title='bbox 448 3760 595 3817; x_wconf 74' lang='lat' dir='ltr'>autequam</span> <span class='ocrx_word' id='word_1_437' title='bbox 615 3745 742 3797; x_wconf 73' lang='lat' dir='ltr'>Lambini</span> <span class='ocrx_word' id='word_1_438' title='bbox 761 3743 984 3798; x_wconf 80' lang='lat' dir='ltr'>emendationem</span> <span class='ocrx_word' id='word_1_439' title='bbox 1005 3743 1149 3811; x_wconf 83' lang='lat' dir='ltr'>vidissent,</span> <span class='ocrx_word' id='word_1_440' title='bbox 1175 3748 1249 3799; x_wconf 89' lang='lat' dir='ltr'>bunc</span> <span class='ocrx_word' id='word_1_441' title='bbox 1273 3747 1367 3801; x_wconf 85' lang='lat' dir='ltr'>locunt</span> <span class='ocrx_word' id='word_1_442' title='bbox 1389 3743 1489 3800; x_wconf 80' lang='lat' dir='ltr'>relere-</span> 
     </span>
     <span class='ocr_line' id='line_1_47' title="bbox 170 3818 1488 3896; baseline 0 -21"><span class='ocrx_word' id='word_1_443' title='bbox 170 3820 238 3875; x_wconf 85' lang='lat' dir='ltr'>bem</span> <span class='ocrx_word' id='word_1_444' title='bbox 260 3820 294 3873; x_wconf 87' lang='lat' dir='ltr'>ed</span> <span class='ocrx_word' id='word_1_445' title='bbox 320 3820 388 3874; x_wconf 91' lang='lat' dir='ltr'>illud</span> <span class='ocrx_word' id='word_1_446' title='bbox 426 3837 509 3887; x_wconf 88' lang='lat' dir='ltr'>enus,</span> <span class='ocrx_word' id='word_1_447' title='bbox 527 3824 557 3873; x_wconf 94' lang='lat' dir='ltr'>iu</span> <span class='ocrx_word' id='word_1_448' title='bbox 579 3836 633 3892; x_wconf 86' lang='lat' dir='ltr'>quo</span> <span class='ocrx_word' id='word_1_449' title='bbox 652 3818 807 3890; x_wconf 84' lang='lat' dir='ltr'>perentbesi</span> <span class='ocrx_word' id='word_1_450' title='bbox 828 3824 982 3894; x_wconf 79' lang='lat' dir='ltr'>interrupte</span> <span class='ocrx_word' id='word_1_451' title='bbox 1000 3825 1090 3874; x_wconf 76' lang='lat' dir='ltr'>oratio</span> <span class='ocrx_word' id='word_1_452' title='bbox 1109 3835 1246 3885; x_wconf 65' lang='lat' dir='ltr'>musetum</span> <span class='ocrx_word' id='word_1_453' title='bbox 1268 3828 1345 3875; x_wconf 85' lang='lat' dir='ltr'>euius</span> <span class='ocrx_word' id='word_1_454' title='bbox 1366 3822 1488 3896; x_wconf 79' lang='lat' dir='ltr'>exemplu</span> 
     </span>
     <span class='ocr_line' id='line_1_48' title="bbox 170 3840 817 3968; baseline -0.009 -16"><span class='ocrx_word' id='word_1_455' title='bbox 170 3914 231 3952; x_wconf 76' lang='lat' dir='ltr'>non</span> <span class='ocrx_word' id='word_1_456' title='bbox 251 3896 326 3950; x_wconf 83' lang='lat' dir='ltr'>nulle</span> <span class='ocrx_word' id='word_1_457' title='bbox 348 3840 423 3968; x_wconf 61' lang='lat' dir='ltr'>apul</span> <span class='ocrx_word' id='word_1_458' title='bbox 441 3895 604 3949; x_wconf 76' lang='lat' dir='ltr'>Ciceronem</span> <span class='ocrx_word' id='word_1_459' title='bbox 630 3892 817 3948; x_wconf 81' lang='lat' dir='ltr'>euimedverti.</span> 
     </span>
     <span class='ocr_line' id='line_1_49' title="bbox 250 3968 1488 4045; baseline 0.002 -21"><span class='ocrx_word' id='word_1_460' title='bbox 250 3969 339 4024; x_wconf 84' lang='lat' dir='ltr'>ibid.</span> <span class='ocrx_word' id='word_1_461' title='bbox 365 3970 460 4041; x_wconf 80' lang='lat' dir='ltr'>Quid?</span> <span class='ocrx_word' id='word_1_462' title='bbox 488 3972 536 4023; x_wconf 86' lang='lat' dir='ltr'>ille</span> <span class='ocrx_word' id='word_1_463' title='bbox 558 3987 669 4034; x_wconf 85' lang='lat' dir='ltr'>cursus,</span> <span class='ocrx_word' id='word_1_464' title='bbox 692 3969 809 4038; x_wconf 83' lang='lat' dir='ltr'>clamor]</span> <span class='ocrx_word' id='word_1_465' title='bbox 836 3968 884 4022; x_wconf 87' lang='lat' dir='ltr'>Sic</span> <span class='ocrx_word' id='word_1_466' title='bbox 905 3969 1048 4024; x_wconf 79' lang='lat' dir='ltr'>Manutius</span> <span class='ocrx_word' id='word_1_467' title='bbox 1069 3969 1152 4045; x_wconf 68' lang='lat' dir='ltr'>legit:</span> <span class='ocrx_word' id='word_1_468' title='bbox 1181 3987 1274 4023; x_wconf 81' lang='lat' dir='ltr'>serum</span> <span class='ocrx_word' id='word_1_469' title='bbox 1298 3974 1329 4023; x_wconf 87' lang='lat' dir='ltr'>iu</span> <span class='ocrx_word' id='word_1_470' title='bbox 1349 3969 1488 4043; x_wconf 85' lang='lat' dir='ltr'>prioribus</span> 
     </span>
     <span class='ocr_line' id='line_1_50' title="bbox 172 4043 1489 4117; baseline 0 -17"><span class='ocrx_word' id='word_1_471' title='bbox 172 4044 341 4100; x_wconf 82' lang='lat' dir='ltr'>editionibus</span> <span class='ocrx_word' id='word_1_472' title='bbox 360 4063 417 4112; x_wconf 88' lang='lat' dir='ltr'>est,</span> <span class='ocrx_word' id='word_1_473' title='bbox 436 4063 550 4112; x_wconf 84' lang='lat' dir='ltr'>cursus,</span> <span class='ocrx_word' id='word_1_474' title='bbox 572 4061 739 4113; x_wconf 74' lang='lat' dir='ltr'>consertus,</span> <span class='ocrx_word' id='word_1_475' title='bbox 759 4045 876 4113; x_wconf 83' lang='lat' dir='ltr'>clamor,</span> <span class='ocrx_word' id='word_1_476' title='bbox 891 4043 1039 4116; x_wconf 87' lang='lat' dir='ltr'>eodemque</span> <span class='ocrx_word' id='word_1_477' title='bbox 1056 4046 1139 4099; x_wconf 89' lang='lat' dir='ltr'>modo</span> <span class='ocrx_word' id='word_1_478' title='bbox 1153 4044 1240 4098; x_wconf 90' lang='lat' dir='ltr'>libros</span> <span class='ocrx_word' id='word_1_479' title='bbox 1256 4060 1362 4099; x_wconf 81' lang='lat' dir='ltr'>veteres</span> <span class='ocrx_word' id='word_1_480' title='bbox 1377 4045 1489 4117; x_wconf 85' lang='lat' dir='ltr'>bebere,</span> 
     </span>
     <span class='ocr_line' id='line_1_51' title="bbox 172 4120 1101 4177; baseline 0.002 0"><span class='ocrx_word' id='word_1_481' title='bbox 172 4120 323 4177; x_wconf 82' lang='lat' dir='ltr'>Lembinus</span> <span class='ocrx_word' id='word_1_482' title='bbox 350 4120 456 4175; x_wconf 87' lang='lat' dir='ltr'>scribit.</span> <span class='ocrx_word' id='word_1_483' title='bbox 1098 4130 1101 4135; x_wconf 58' lang='lat'><strong>⁴</strong></span> 
     </span>
     <span class='ocr_line' id='line_1_52' title="bbox 251 4193 1489 4269; baseline 0.001 -20"><span class='ocrx_word' id='word_1_484' title='bbox 251 4198 276 4266; x_wconf 83' lang='lat'>§.</span> <span class='ocrx_word' id='word_1_485' title='bbox 295 4201 341 4258; x_wconf 73' lang='grc'>58.</span> <span class='ocrx_word' id='word_1_486' title='bbox 369 4197 440 4269; x_wconf 81' lang='lat' dir='ltr'>Quis</span> <span class='ocrx_word' id='word_1_487' title='bbox 462 4203 508 4248; x_wconf 89' lang='lat' dir='ltr'>tot</span> <span class='ocrx_word' id='word_1_488' title='bbox 528 4195 616 4248; x_wconf 79' lang='lat' dir='ltr'>verba</span> <span class='ocrx_word' id='word_1_489' title='bbox 640 4202 722 4247; x_wconf 81' lang='lat' dir='ltr'>tanto</span> <span class='ocrx_word' id='word_1_490' title='bbox 744 4199 775 4245; x_wconf 83' lang='lat' dir='ltr'>irs</span> <span class='ocrx_word' id='word_1_491' title='bbox 798 4194 876 4246; x_wconf 78' lang='lat' dir='ltr'>tuctu</span> <span class='ocrx_word' id='word_1_492' title='bbox 899 4195 1080 4265; x_wconf 78' lang='lat' dir='ltr'>contiuuatt]</span> <span class='ocrx_word' id='word_1_493' title='bbox 1107 4195 1158 4249; x_wconf 78' lang='lat' dir='ltr'>iiis</span> <span class='ocrx_word' id='word_1_494' title='bbox 1183 4193 1273 4248; x_wconf 79' lang='lat' dir='ltr'>verbis</span> <span class='ocrx_word' id='word_1_495' title='bbox 1295 4193 1423 4268; x_wconf 82' lang='lat' dir='ltr'>expedite</span> <span class='ocrx_word' id='word_1_496' title='bbox 1447 4213 1489 4251; x_wconf 85' lang='lat' dir='ltr'>est</span> 
     </span>
     <span class='ocr_line' id='line_1_53' title="bbox 174 4268 1489 4344; baseline 0 -18"><span class='ocrx_word' id='word_1_497' title='bbox 174 4276 327 4338; x_wconf 85' lang='lat' dir='ltr'>sententie,</span> <span class='ocrx_word' id='word_1_498' title='bbox 350 4288 420 4342; x_wconf 80' lang='lat' dir='ltr'>quee</span> <span class='ocrx_word' id='word_1_499' title='bbox 439 4275 470 4323; x_wconf 93' lang='lat' dir='ltr'>iu</span> <span class='ocrx_word' id='word_1_500' title='bbox 491 4270 609 4344; x_wconf 77' lang='lat' dir='ltr'>vulgetis</span> <span class='ocrx_word' id='word_1_501' title='bbox 626 4268 706 4323; x_wconf 86' lang='lat' dir='ltr'>libris</span> <span class='ocrx_word' id='word_1_502' title='bbox 726 4275 765 4323; x_wconf 84' lang='lat' dir='ltr'>ite</span> <span class='ocrx_word' id='word_1_503' title='bbox 786 4284 827 4324; x_wconf 87' lang='lat' dir='ltr'>est</span> <span class='ocrx_word' id='word_1_504' title='bbox 848 4269 998 4342; x_wconf 83' lang='lat' dir='ltr'>impedite,</span> <span class='ocrx_word' id='word_1_505' title='bbox 1018 4285 1050 4323; x_wconf 89' lang='lat' dir='ltr'>ut</span> <span class='ocrx_word' id='word_1_506' title='bbox 1069 4288 1103 4322; x_wconf 87' lang='lat' dir='ltr'>ue</span> <span class='ocrx_word' id='word_1_507' title='bbox 1123 4268 1268 4324; x_wconf 82' lang='lat' dir='ltr'>verborum</span> <span class='ocrx_word' id='word_1_508' title='bbox 1288 4269 1398 4341; x_wconf 81' lang='lat' dir='ltr'>quidem</span> <span class='ocrx_word' id='word_1_509' title='bbox 1415 4286 1489 4326; x_wconf 83' lang='lat' dir='ltr'>etru-</span> 
     </span>
     <span class='ocr_line' id='line_1_54' title="bbox 174 4344 1490 4418; baseline -0.002 -16"><span class='ocrx_word' id='word_1_510' title='bbox 174 4362 254 4402; x_wconf 85' lang='lat' dir='ltr'>cture</span> <span class='ocrx_word' id='word_1_511' title='bbox 276 4362 394 4401; x_wconf 85' lang='lat' dir='ltr'>constet.</span> <span class='ocrx_word' id='word_1_512' title='bbox 433 4348 466 4400; x_wconf 90' lang='lat' dir='ltr'>ln</span> <span class='ocrx_word' id='word_1_513' title='bbox 487 4362 584 4399; x_wconf 85' lang='lat' dir='ltr'>nostro</span> <span class='ocrx_word' id='word_1_514' title='bbox 605 4362 743 4400; x_wconf 84' lang='lat' dir='ltr'>menusct.</span> <span class='ocrx_word' id='word_1_515' title='bbox 762 4344 791 4397; x_wconf 89' lang='lat' dir='ltr'>td</span> <span class='ocrx_word' id='word_1_516' title='bbox 809 4354 917 4399; x_wconf 84' lang='lat' dir='ltr'>tentum</span> <span class='ocrx_word' id='word_1_517' title='bbox 935 4350 1074 4400; x_wconf 77' lang='lat' dir='ltr'>verteretis</span> <span class='ocrx_word' id='word_1_518' title='bbox 1094 4361 1153 4413; x_wconf 88' lang='lat' dir='ltr'>est,</span> <span class='ocrx_word' id='word_1_519' title='bbox 1174 4344 1248 4416; x_wconf 88' lang='lat' dir='ltr'>quod</span> <span class='ocrx_word' id='word_1_520' title='bbox 1267 4364 1317 4418; x_wconf 87' lang='lat' dir='ltr'>pro</span> <span class='ocrx_word' id='word_1_521' title='bbox 1336 4352 1490 4399; x_wconf 76' lang='lat' dir='ltr'>mutinae·</span> 
     </span>
     <span class='ocr_line' id='line_1_55' title="bbox 174 4421 704 4495; baseline -0.008 -20"><span class='ocrx_word' id='word_1_522' title='bbox 174 4431 237 4489; x_wconf 83' lang='lat' dir='ltr'>tus,</span> <span class='ocrx_word' id='word_1_523' title='bbox 261 4421 377 4495; x_wconf 76' lang='lat' dir='ltr'>legitur,</span> <span class='ocrx_word' id='word_1_524' title='bbox 402 4425 591 4474; x_wconf 81' lang='lat' dir='ltr'>continuatur.</span> <span class='ocrx_word' id='word_1_525' title='bbox 699 4454 704 4465; x_wconf 52' lang='grc' dir='ltr'><em>ι</em></span> 
     </span>
     <span class='ocr_line' id='line_1_56' title="bbox 251 4492 1490 4567; baseline -0.002 -18"><span class='ocrx_word' id='word_1_526' title='bbox 251 4498 275 4563; x_wconf 65' lang='lat'>5.</span> <span class='ocrx_word' id='word_1_527' title='bbox 295 4500 340 4558; x_wconf 80' lang='grc'>59.</span> <span class='ocrx_word' id='word_1_528' title='bbox 365 4496 418 4549; x_wconf 87' lang='lat' dir='ltr'>sed</span> <span class='ocrx_word' id='word_1_529' title='bbox 434 4494 506 4548; x_wconf 83' lang='lat' dir='ltr'>nihil</span> <span class='ocrx_word' id='word_1_530' title='bbox 521 4495 583 4547; x_wconf 83' lang='lat' dir='ltr'>vidi</span> <span class='ocrx_word' id='word_1_531' title='bbox 601 4499 703 4564; x_wconf 78' lang='lat' dir='ltr'>minut]</span> <span class='ocrx_word' id='word_1_532' title='bbox 730 4493 801 4549; x_wconf 78' lang='lat' dir='ltr'>Sunt</span> <span class='ocrx_word' id='word_1_533' title='bbox 821 4492 903 4559; x_wconf 83' lang='lat' dir='ltr'>libri,</span> <span class='ocrx_word' id='word_1_534' title='bbox 928 4500 958 4547; x_wconf 88' lang='lat' dir='ltr'>iu</span> <span class='ocrx_word' id='word_1_535' title='bbox 979 4493 1078 4567; x_wconf 90' lang='lat' dir='ltr'>quibus</span> <span class='ocrx_word' id='word_1_536' title='bbox 1096 4493 1213 4566; x_wconf 79' lang='lat' dir='ltr'>providi</span> <span class='ocrx_word' id='word_1_537' title='bbox 1233 4500 1338 4563; x_wconf 67' lang='lat' dir='ltr'>mutes,</span> <span class='ocrx_word' id='word_1_538' title='bbox 1359 4495 1490 4561; x_wconf 79' lang='lat' dir='ltr'>vidimus,</span> 
     </span>
     <span class='ocr_line' id='line_1_57' title="bbox 174 4568 1489 4646; baseline -0.002 -20"><span class='ocrx_word' id='word_1_539' title='bbox 174 4572 292 4646; x_wconf 74' lang='lat' dir='ltr'>legitur:</span> <span class='ocrx_word' id='word_1_540' title='bbox 316 4576 407 4642; x_wconf 74' lang='lat' dir='ltr'>itaque</span> <span class='ocrx_word' id='word_1_541' title='bbox 427 4569 677 4643; x_wconf 72' lang='lat' dir='ltr'>Rsrotlduslegit,</span> <span class='ocrx_word' id='word_1_542' title='bbox 699 4569 750 4621; x_wconf 82' lang='lat' dir='ltr'>sed</span> <span class='ocrx_word' id='word_1_543' title='bbox 766 4568 839 4621; x_wconf 82' lang='lat' dir='ltr'>tts&#39;lu‘l</span> <span class='ocrx_word' id='word_1_544' title='bbox 857 4574 963 4634; x_wconf 80' lang='lat' dir='ltr'>minus,</span> <span class='ocrx_word' id='word_1_545' title='bbox 988 4586 1018 4622; x_wconf 87' lang='lat' dir='ltr'>ut</span> <span class='ocrx_word' id='word_1_546' title='bbox 1040 4575 1176 4624; x_wconf 85' lang='lat' dir='ltr'>sententie</span> <span class='ocrx_word' id='word_1_547' title='bbox 1199 4569 1328 4642; x_wconf 77' lang='lat' dir='ltr'>quadret,</span> <span class='ocrx_word' id='word_1_548' title='bbox 1354 4574 1489 4641; x_wconf 87' lang='lat' dir='ltr'>inquiens.</span> 
     </span>
     <span class='ocr_line' id='line_1_58' title="bbox 175 4643 1490 4718; baseline -0.001 -19"><span class='ocrx_word' id='word_1_549' title='bbox 175 4647 228 4699; x_wconf 82' lang='lat' dir='ltr'>sed</span> <span class='ocrx_word' id='word_1_550' title='bbox 247 4645 319 4699; x_wconf 83' lang='lat' dir='ltr'>rtt&#39;lril</span> <span class='ocrx_word' id='word_1_551' title='bbox 334 4647 395 4698; x_wconf 83' lang='lat' dir='ltr'>vidi</span> <span class='ocrx_word' id='word_1_552' title='bbox 417 4652 522 4712; x_wconf 80' lang='lat' dir='ltr'>mitius,</span> <span class='ocrx_word' id='word_1_553' title='bbox 544 4644 648 4709; x_wconf 82' lang='lat' dir='ltr'>idest,</span> <span class='ocrx_word' id='word_1_554' title='bbox 677 4661 728 4697; x_wconf 86' lang='lat' dir='ltr'>nec</span> <span class='ocrx_word' id='word_1_555' title='bbox 748 4645 868 4698; x_wconf 78' lang='lat' dir='ltr'>collocet</span> <span class='ocrx_word' id='word_1_556' title='bbox 888 4650 918 4697; x_wconf 90' lang='lat' dir='ltr'>iu</span> <span class='ocrx_word' id='word_1_557' title='bbox 938 4644 1039 4713; x_wconf 87' lang='lat' dir='ltr'>cubili,</span> <span class='ocrx_word' id='word_1_558' title='bbox 1067 4662 1120 4699; x_wconf 90' lang='lat' dir='ltr'>nec</span> <span class='ocrx_word' id='word_1_559' title='bbox 1140 4643 1236 4698; x_wconf 80' lang='lat' dir='ltr'>vulnus</span> <span class='ocrx_word' id='word_1_560' title='bbox 1258 4650 1283 4698; x_wconf 86' lang='lat' dir='ltr'>ei</span> <span class='ocrx_word' id='word_1_561' title='bbox 1306 4645 1426 4718; x_wconf 80' lang='lat' dir='ltr'>obliget,</span> <span class='ocrx_word' id='word_1_562' title='bbox 1450 4648 1490 4698; x_wconf 89' lang='lat' dir='ltr'>uit</span> 
     </span>
     <span class='ocr_line' id='line_1_59' title="bbox 125 4722 842 4790; baseline -0.008 -14"><span class='ocrx_word' id='word_1_563' title='bbox 125 4740 133 4755; x_wconf 68' lang='lat'>⁸</span> <span class='ocrx_word' id='word_1_564' title='bbox 177 4722 323 4776; x_wconf 83' lang='lat' dir='ltr'>Turnebus</span> <span class='ocrx_word' id='word_1_565' title='bbox 340 4722 399 4777; x_wconf 85' lang='lat' dir='ltr'>Lib.</span> <span class='ocrx_word' id='word_1_566' title='bbox 417 4724 445 4778; x_wconf 81' lang='lat' dir='ltr'>lt.</span> <span class='ocrx_word' id='word_1_567' title='bbox 465 4722 586 4774; x_wconf 80' lang='lat' dir='ltr'>Advers.</span> <span class='ocrx_word' id='word_1_568' title='bbox 610 4739 669 4790; x_wconf 82' lang='lat' dir='ltr'>cop.</span> <span class='ocrx_word' id='word_1_569' title='bbox 690 4727 733 4779; x_wconf 82' lang='lat'>18.</span> <span class='ocrx_word' id='word_1_570' title='bbox 837 4740 842 4747; x_wconf 92' lang='lat'><strong>·</strong></span> 
     </span>
     <span class='ocr_line' id='line_1_60' title="bbox 253 4792 1490 4869; baseline -0.002 -19"><span class='ocrx_word' id='word_1_571' title='bbox 253 4796 347 4850; x_wconf 88' lang='lat' dir='ltr'>Ibid.</span> <span class='ocrx_word' id='word_1_572' title='bbox 373 4801 458 4849; x_wconf 80' lang='lat' dir='ltr'>ettam</span> <span class='ocrx_word' id='word_1_573' title='bbox 482 4799 510 4847; x_wconf 81' lang='lat' dir='ltr'>si</span> <span class='ocrx_word' id='word_1_574' title='bbox 529 4795 693 4869; x_wconf 78' lang='lat' dir='ltr'>Eurypylus</span> <span class='ocrx_word' id='word_1_575' title='bbox 713 4801 825 4864; x_wconf 81' lang='lat' dir='ltr'>posset,</span> <span class='ocrx_word' id='word_1_576' title='bbox 855 4812 912 4845; x_wconf 82' lang='lat' dir='ltr'>nort</span> <span class='ocrx_word' id='word_1_577' title='bbox 933 4803 1029 4864; x_wconf 77' lang='lat' dir='ltr'>posset</span> <span class='ocrx_word' id='word_1_578' title='bbox 1055 4795 1191 4865; x_wconf 81' lang='lat' dir='ltr'>Aesopus]</span> <span class='ocrx_word' id='word_1_579' title='bbox 1224 4793 1366 4848; x_wconf 82' lang='lat' dir='ltr'>Turnebus</span> <span class='ocrx_word' id='word_1_580' title='bbox 1392 4792 1490 4848; x_wconf 84' lang='lat' dir='ltr'>eodem</span> 
     </span>
     <span class='ocr_line' id='line_1_61' title="bbox 176 4867 1491 4949; baseline -0.002 -23"><span class='ocrx_word' id='word_1_581' title='bbox 176 4870 242 4926; x_wconf 85' lang='lat' dir='ltr'>icco</span> <span class='ocrx_word' id='word_1_582' title='bbox 265 4886 381 4927; x_wconf 86' lang='lat' dir='ltr'>testetur</span> <span class='ocrx_word' id='word_1_583' title='bbox 401 4888 430 4925; x_wconf 88' lang='lat' dir='ltr'>se</span> <span class='ocrx_word' id='word_1_584' title='bbox 454 4875 485 4925; x_wconf 88' lang='lat' dir='ltr'>iu</span> <span class='ocrx_word' id='word_1_585' title='bbox 511 4870 619 4925; x_wconf 79' lang='lat' dir='ltr'>celemo</span> <span class='ocrx_word' id='word_1_586' title='bbox 647 4874 758 4949; x_wconf 83' lang='lat' dir='ltr'>seriptis</span> <span class='ocrx_word' id='word_1_587' title='bbox 786 4867 974 4924; x_wconf 78' lang='lat' dir='ltr'>voluminibus</span> <span class='ocrx_word' id='word_1_588' title='bbox 1001 4874 1135 4941; x_wconf 86' lang='lat' dir='ltr'>reperite,</span> <span class='ocrx_word' id='word_1_589' title='bbox 1166 4869 1262 4922; x_wconf 79' lang='lat' dir='ltr'>Etiam</span> <span class='ocrx_word' id='word_1_590' title='bbox 1286 4876 1314 4922; x_wconf 84' lang='lat' dir='ltr'>st&#39;</span> <span class='ocrx_word' id='word_1_591' title='bbox 1328 4869 1491 4943; x_wconf 81' lang='lat' dir='ltr'>Eurypylus</span> 
     </span>
    </p>
   </div>
   <div class='ocr_carea' id='block_1_5' title="bbox 337 4988 344 5019">
    <p class='ocr_par' dir='ltr' id='par_1_11' title="bbox 337 4988 344 5019">
     <span class='ocr_line' id='line_1_62' title="bbox 337 4988 344 5019; baseline 0 0"><span class='ocrx_word' id='word_1_592' title='bbox 337 4988 344 5019; x_wconf 91' lang='grc' dir='ltr'><em>Ι</em></span> 
     </span>
    </p>
   </div>
   <div class='ocr_carea' id='block_1_6' title="bbox 0 0 1702 5359">
    <p class='ocr_par' dir='ltr' id='par_1_12' title="bbox 0 0 1702 5359">
     <span class='ocr_line' id='line_1_63' title="bbox 0 0 1702 5359; baseline 0 0"><span class='ocrx_word' id='word_1_593' title='bbox 0 0 1702 5359; x_wconf 95' lang='lat' dir='ltr'> </span> 
     </span>
    </p>
   </div>
  </div>
 </body>
</html>
