3384 5359
692 328 871 421 mutu.
896 328 927 395 1.
1026 316 1052 332 “·
1135 322 1138 333 ·
1408 330 1471 398 ιιι

124 472 184 528 Bt
204 487 297 534 mona

370 546 462 599 Mam
479 560 559 598 stram
577 564 636 598 rent
651 544 658 623 Ι
673 545 740 598 bens
758 563 870 616 gessere
889 554 918 599 st
932 541 939 622 Ι
951 543 1091 619 publicam
1105 542 1215 622 patrila
1231 548 1347 618 procel:

371 621 477 688 Multi,
497 628 544 694 qui
561 620 646 698 dalmi
663 630 784 674 atatem
802 631 937 692 agerent,
954 623 1126 694 {propterea
1144 632 1211 674 sunt
1226 622 1233 696 Ι
1248 623 1407 693 inprobati.

127 698 180 752 ln
197 697 297 769 quibus
314 697 437 750 mribus
454 697 618 771 refingendis
639 702 691 750 tiri
709 713 898 770 praestantes,
918 700 1062 763 Muretus,
1081 697 1189 753 Paullus
1208 700 1370 764 Manutius,
1390 700 1476 753 lanus

130 776 326 846 Rutgersius,
357 771 517 826 Gerhardus
541 776 651 826 Vossius
677 771 779 826 frustra
805 773 872 826 olim
897 772 1066 825 laborarunt.
1112 774 1242 826 Ceterum
1265 789 1340 827 recte
1363 776 1433 827 baec
1455 790 1473 827 a

129 850 227 903 nobis
249 852 402 901 constituta
422 865 481 902 esse
501 848 542 901 tel
559 850 666 902 Nonius
682 846 787 902 indicio
804 865 863 915 est,
884 853 931 920 qui
948 853 978 901 in
995 846 1078 903 verbo
1096 865 1232 920 spargere
1252 866 1360 902 tersum
1378 865 1474 924 poste·

132 941 252 1015 nom?
272 938 484 1052 umgmlttlsbelbt
491 922 737 1070 plddlltebstddddffld’
746 1015 886 1069 spargens
905 997 988 1062 tabo,
1010 1003 1105 1062 sanie,
1127 1006 1157 1049 st
1172 1003 1312 1066 sangttins
1332 988 1408 1053 atro.

133 1077 238 1131 Porro
262 1090 290 1128 et
312 1073 379 1127 alibi
402 1076 470 1127 haec
492 1075 617 1127 Enniana
638 1072 786 1126 laudantur
809 1090 824 1125 a
848 1074 996 1137 Cicerone,
1021 1072 1105 1126 Orat.
1129 1079 1159 1124 t'n
1179 1074 1309 1125 Pisonem
1333 1089 1394 1148 cap.
1416 1077 1473 1143 19„

133 1151 196 1205 nbi
218 1156 339 1224 graviter
361 1165 453 1203 errant
475 1147 612 1215 editores,
634 1155 675 1202 sic
698 1148 736 1201 ibi
760 1153 881 1222 priorem
902 1164 1010 1201 versum
1033 1148 1208 1208 exhibentes:

377 1226 416 1277 Ut
436 1233 468 1276 tu
488 1223 648 1295 natsfragio
669 1224 800 1295 ezptslsus
820 1228 943 1295 uspiam,
965 1228 1047 1274 saxis
1060 1221 1146 1296 fieus
1167 1228 1283 1294 asperis.

135 1305 262 1376 Quippe
282 1300 346 1367 illa,
369 1301 408 1352 Ut
426 1308 457 1352 tu
477 1298 636 1370 nattfragt'o
658 1299 791 1371 repulsus
808 1304 932 1370 uspiam.
957 1299 1101 1353 Ciceronis
1119 1297 1203 1351 uerba
1220 1314 1301 1365 sunt,
1323 1318 1381 1354 non
1402 1301 1474 1374 poil-

136 1393 208 1439 ωας
231 1390 260 1429 et
283 1375 317 1428 ad
335 1379 480 1441 Pisonem,
504 1393 560 1427 nou
580 1377 695 1429 Atreum
714 1371 867 1428 referenda.

223 1454 328 1507 *Cart
347 1448 448 1504 XLIV.
474 1450 541 1501 Non
559 1455 622 1511 ipsa
639 1468 713 1501 saxa
731 1456 826 1518 magis
844 1466 927 1501 sensu
945 1453 1020 1501 omui
1037 1448 1190 1516 vacabunt,
1213 1466 1296 1520 quant
1315 1448 1362 1500 ills
1383 1448 1476 1500 latere

131 1526 281 1600 pendens]
308 1527 343 1580 lit
361 1530 450 1579 nostri
471 1523 581 1596 quidem
600 1525 710 1578 codices
729 1525 897 1577 variants«
909 1528 1046 1579 sententia
1069 1541 1162 1579 tamen
1183 1523 1307 1598 flagitat,
1330 1540 1361 1577 ut
1378 1542 1475 1576 vaca-

135 1604 219 1656 bant
238 1617 370 1675 reponas,
394 1617 424 1654 ut
443 1617 472 1654 et
492 1599 578 1654 edidit
597 1601 747 1656 Victorino.
999 1636 1004 1651 .

225 1676 315 1731 lbid.
342 1670 543 1747 Quam'essent
561 1676 650 1743 dura,
675 1682 702 1728 si
724 1676 860 1728 sentiret!
886 1675 965 1727 nulla
978 1680 1039 1727 sine
1053 1679 1148 1745 setteis]
1175 1673 1286 1749 Frigida
1302 1689 1368 1727 sane
1384 1673 1476 1727 erola-

136 1757 254 1821 matio,
281 1770 369 1823 neque
388 1742 420 1804 ex'
444 1755 526 1824 genio
550 1752 703 1805 Ciceronis.
742 1749 859 1805 Codices
883 1755 924 1804 tui
947 1749 1119 1824 praeierunt,
1143 1758 1290 1803 scribent.
1327 1748 1474 1803 Editiones

137 1844 242 1882 autern
268 1820 377 1900 praetlr
401 1841 477 1879 tuam
498 1843 610 1891 omnes,
633 1831 693 1877 sine
715 1843 798 1877 sensu
818 1833 894 1879 sant.
931 1825 1084 1879 Fatendum
1104 1826 1215 1897 quidem
1233 1825 1378 1898 plerosque
1398 1824 1477 1878 codi-

138 1921 194 1957 oet
222 1920 279 1955 non
306 1917 454 1974 agnoscere
480 1900 550 1954 illud
573 1910 656 1953 sunt:
674 1898 722 1954 sed
744 1899 827 1953 facile
849 1901 991 1955 absorberi
1032 1906 1105 1955 otuit
1125 1917 1142 1952 a
1160 1900 1264 1974 syllaba
1284 1898 1475 1971 praecedente.

139 1983 263 2048 Quanto
284 1981 369 2049 igitur
387 1981 552 2030 concinnius
570 1992 598 2031 et
619 1974 764 2030 rotundius
784 1976 887 2042 exibit,
911 1980 934 2028 si
954 1982 995 2030 sic
1011 1921 1088 2050 begae
1104 1996 1138 2029 ex
1154 1981 1328 2029 coniectura:
1354 1974 1473 2044 QUAE,

141 2054 203 2107 UT
221 2062 314 2104 essent
334 2052 422 2116 dura,
443 2058 470 2103 si
488 2051 775 2111 SENTIRENTURt
797 2053 877 2104 nulla
898 2056 958 2103 sine
973 2069 1055 2103 cenete
1076 2054 1170 2105 sunt!
1196 2048 1330 2122 Equidem
1352 2056 1396 2103 vix
1416 2068 1478 2106 cre·

140 2128 285 2193 diderlm,
311 2127 392 2180 aliter
410 2127 445 2179 ab
465 2143 577 2181 auctore
597 2126 749 2202 profectum
768 2144 838 2181 esse.
860 2152 898 2169 -
935 2126 1015 2178 *Pro
1034 2131 1086 2193 tui,
1108 2128 1181 2196 lege,
1200 2130 1290 2179 nostri
1309 2129 1419 2198 tuique;
1445 2142 1476 2181 et

108 2204 112 2213 '
137 2212 216 2278 post
237 2204 348 2257 codices
366 2202 455 2269 adde,
480 2209 579 2256 nostri.
618 2202 738 2278 (Corrig.
758 2210 882 2254 nostras.
903 2200 1006 2276 Βανά.)
1163 2214 1167 2221 ’
1512 2194 1516 2203 ’

226 2277 317 2332 ibid.
342 2279 439 2348 Neque
463 2277 634 2350 sepulchrum
659 2296 712 2349 quo
734 2283 888 2349 recipiatur
910 2280 975 2344 ten]
1003 2278 1107 2330 lterum
1128 2281 1300 2330 intuentem
1318 2275 1474 2344 resolveris,

142 2372 175 2410 et
197 2353 333 2408 iambicos
353 2352 394 2427 (F.
413 2353 433 2407 l.
452 2353 657 2407 Tetranetras.
690 2353 842 2407 bdnoturio
857 2350 981 2405 Editoris
999 2351 1176 2405 Otoniensls.
1194 2348 1297 2424 ilerd.)
1318 2352 1474 2405 trochaicus

141 2447 264 2509 captas,
293 2433 340 2501 qui
364 2429 557 2502 in·tragoedia
584 2429 653 2482 nulii
675 2443 748 2482 sunt.
792 2430 877 2482 Recte
900 2428 934 2483 ad
958 2429 1117 2481 trochaicus
1143 2433 1199 2481 iarn
1221 2426 1289 2479 olim
1310 2424 1475 2499 redegerunt

144 2511 204 2561 viri
224 2503 327 2559 eruditi
347 2522 380 2557 cx
398 2504 615 2578 Manuscriptis,
636 2503 736 2575 quibus
759 2506 848 2556 nostri
872 2501 1022 2556 accedent:

376 2580 471 2650 Neque
489 2578 677 2651 sepulchrum,
701 2596 754 2649 quo
774 2582 907 2650 recipiat,
928 2576 1046 2641 babeat,
1068 2585 1182 2648 portante
1199 2580 1346 2649 corporiot

376 2654 430 2706 Ubi
449 2660 567 2706 remissa
586 2653 708 2705 bruniana
727 2659 791 2705 vita
810 2670 912 2724 corpus
930 2657 1086 2723 requiescat
1103 2653 1195 2706 malis.

143 2731 222 2786 *ubi
243 2729 341 2783 malim
361 2746 451 2784 tamen
466 2728 592 2800 sanctus
614 2747 663 2801 pro
686 2747 803 2799 corpas,·
825 2743 853 2780 et
876 2729 931 2781 hoo
955 2745 1060 2782 verum.
1087 2756 1091 2763 ·

227 2809 324 2861 *Can
339 2805 420 2859 XLV.
442 2805 584 2858 Condiunt
596 2808 737 2878 Aegyptii
749 2810 891 2870 mortuos,
910 2811 939 2854 et
953 2820 1002 2855 eos
1014 2800 1090 2857 domi
1104 2805 1227 2872 servam]
1252 2802 1349 2859 Nostri
1367 2814 1474 2866 omnes,

145 2894 178 2938 st
197 2900 245 2936 eos
261 2888 382 2933 seruant
399 2880 484 2935 dorni.
665 2885 668 2889 '
772 2898 777 2911 ·

226 2956 264 3010 lb
274 2956 320 3011 id.
344 2956 379 3007 Irt
394 2956 543 3027 Hyrcania
555 2955 634 3025 plebe
649 2953 773 3029 publicos
795 2953 850 3006 alit
864 2972 965 3015 canes,-
987 2958 1153 3026 optimates,
1170 2950 1348 3021 domesticos]
1368 2949 1475 3002 Mirum

42 3047 47 3056 ‘
145 3031 296 3109 proiecto,
326 3029 399 3102 quod
423 3034 474 3103 pr'u
493 3030 618 3101 ptsblieos
643 3029 726 3085 verbo
742 3034 931 3085 ,usitatissimo
952 3033 1167 3103 praestantiores
1188 3026 1299 3080 codices
1318 3021 1474 3099 praeierant

145 3111 294 3182 supplices.
334 3107 378 3160 Tu
407 3104 511 3177 aliquid
539 3107 585 3159 iric
610 3107 695 3160 latere
721 3110 856 3178 sagaciter
883 3104 1024 3171 odoraris,
1057 3120 1083 3158 et
1108 3107 1256 3175 suspicaris
1278 3099 1474 3171 septdcbraies.
1555 3094 1558 3109 '

145 3184 246 3238 Laudo
265 3198 414 3241 conatum:
441 3179 488 3234 sed
511 3183 641 3235 antitheti
664 3179 729 3252 quid
753 3199 812 3234 esse
836 3196 945 3254 oportet
967 3185 1040 3234 iuter
1060 3179 1109 3232 lros
1130 3177 1217 3250 plebis
1240 3193 1338 3240 canes,
1362 3190 1390 3228 et
1409 3174 1474 3228 illos
1522 3202 1526 3223 ι

146 3266 321 3333 optimatum
337 3257 513 3311 domesticas.
556 3256 695 3310 Nimirum
720 3272 818 3310 auctor
837 3263 1002 3329 scripserat,
1031 3253 1191 3310 PUBLICE
1208 3252 1262 3303 alit
1280 3269 1381 3303 sanese
1410 3248 1474 3303 inde

145 3336 327 3389 librariorum
351 3331 541 3385 hallucinatio.
586 3332 696 3384 Publice
720 3333 811 3393 alere,
842 3348 884 3386 est
909 3331 1022 3404 publica
1047 3345 1112 3382 outa
1136 3344 1219 3399 atque
1248 3332 1383 3401 impensa.
1427 3326 1503 3390 Siu⁸

146 3426 247 3466 noster
272 3408 338 3460 alibi
365 3412 394 3460 in
416 3409 556 3471 verrinis,
574 3407 695 3463 „Publice
721 3412 844 3477 sumptui
868 3424 942 3473 esse,
967 3406 1076 3477 publice
1105 3402 1252 3458 redimere.
1295 3406 1348 3457 Pro
1372 3403 1475 3455 liutein

149 3490 285 3553 Amerino
310 3484 376 3556 Cap.
397 3483 463 3536 XX.
513 3481 669 3534 Ameribus
695 3482 802 3533 cibaria
831 3482 942 3556 publice
969 3482 1115 3545 locantur,
1145 3487 1174 3530 et
1201 3496 1283 3530 canes
1309 3477 1420 3530 aluntur
1443 3481 1477 3529 irs

150 3561 304 3631 Capitolio.
343 3558 490 3611 Suetonius
513 3557 591 3623 Aug.
607 3560 674 3612 xit.
701 3557 817 3609 Tumulo
837 3558 944 3629 publice
965 3564 1127 3615 exstruct03
1155 3569 1183 3608 et
1203 3553 1235 3609 V
1232 3555 1289 3606 itel.
1309 3555 1364 3607 X.:
1383 3551 1474 3623 Epulo

150 3631 795 3762 ilitiiii‘tibiitlbilibit·
811 3660 859 3759 ,27⁴
875 3634 912 3759 ,ιῖ
921 3632 979 3759 psi
994 3629 1474 3772 55:3322325‘bbll‘2ibu1

152 3785 202 3841 Sic
225 3801 321 3837 omnes
337 3747 425 3848 editi,
448 3797 475 3835 et
499 3786 566 3835 item
590 3726 702 3857 codicls
720 3727 818 3837 nostiyi.
834 3726 951 3855 plleq’ue
971 3799 1040 3856 opus
1059 3795 1117 3847 est,
1138 3795 1169 3833 ut
1186 3798 1239 3855 pro
1257 3781 1377 3831 historia
1395 3795 1477 3850 repo-

150 3876 237 3921 natur
258 3863 401 3912 memaria.
438 3858 571 3910 Ceterum
595 3858 664 3912 illud
678 3858 729 3913 ,vel
749 3877 798 3933 per
820 3876 850 3912 so
871 3858 978 3925 elucet,
1001 3857 1113 3921 TAle
1134 3854 1332 3929 reponendum
1345 3870 1404 3907 esse
1424 3870 1476 3926 pro

152 3938 229 4001 alia,
255 3951 286 3989 ut
308 3949 406 4008 supra,
431 3951 491 4004 cap.
514 3937 559 3990 29.
1019 3958 1023 3969 ·

230 4008 344 4064 *ibid
372 4010 410 4062 Ut
426 4007 611 4076 intellegant,
632 4006 705 4059 nibil
718 4007 758 4060 ad
771 4017 896 4061 mortuos
907 4010 1063 4082 pertinere]
1090 4009 1201 4080 liepoue
1221 4023 1254 4059 ex
1272 4000 1353 4057 oodd.
1372 4006 1477 4058 nostris

153 4085 299 4151 omnibus,
325 4085 398 4136 nihil
410 4083 456 4136 ‘ID
478 4083 518 4134 ad
537 4091 663 4134 mortuos
680 4089 833 4154 pertinere.

230 4159 344 4214 *lbid
370 4160 471 4212 Multa
489 4156 557 4209 milti
577 4163 631 4228 ipsi
653 4159 692 4209 ad
712 4168 830 4210 mortem
851 4164 1018 4229 tempestiua
1032 4155 1183 4229 ficerunt„
1200 4170 1269 4226 quae
1291 4158 1399 4205 utinam
1417 4171 1477 4225 po-

154 4240 270 4288 tuisbem
296 4236 383 4302 obire]
411 4235 475 4302 Quo
499 4250 581 4287 sensu
605 4238 771 4305 accipimus,
800 4253 869 4305 quae
891 4235 988 4285 obire?
1018 4231 1144 4307 proiecto
1164 4230 1266 4284 nullo.>
1293 4229 1368 4302 Ergo
1392 4234 1477 4282 unice

154 4312 244 4385 probo
265 4308 487 4364 emendationem
510 4324 602 4373 tuam,
627 4309 738 4377 QUAM
756 4315 862 4360 utinam
881 4315 1034 4380 potuissem
1056 4309 1142 4361 obire.
1228 4334 1238 4357 ι

231 4384 319 4439 lbid.
346 4384 429 4436 Nibt'l
450 4389 538 4435 etiam
564 4389 619 4436 ianr
646 4385 859 4454 acquirebatur:
889 4386 1031 4436 cwnulata
1062 4391 1144 4435 erant
1165 4378 1269 4452 officia
1291 4384 1387 4443 vitae,·
1415 4396 1481 4433 crura.

154 4460 281 4515 fortunae
303 4460 376 4512 bella
393 4460 552 4527 restabant]
581 4461 623 4511 ita
642 4476 675 4509 ex
693 4457 799 4512 duobus
818 4464 877 4513 suis
899 4458 1062 4512 Gebhardus
1083 4457 1186 4520 edidit,
1206 4457 1363 4515 Fortunae·
1388 4466 1415 4506 et
1434 4459 1477 4506 sio

113 4553 115 4555 ’
154 4554 225 4590 nnus
248 4555 282 4589 ex
305 4540 369 4589 tuis.
409 4533 461 4588 Sed
485 4533 688 4607 reponendum,
713 4549 743 4588 nt
763 4550 790 4587 et
813 4540 918 4606 priores
941 4551 1038 4588 omnes
1061 4533 1196 4587 editiones
1220 4546 1248 4584 et
1267 4534 1355 4583 nostri
1374 4529 1477 4583 Manu·
1521 4590 1526 4593 ,

156 4616 253 4684 scripti
276 4611 424 4676 exhibent,
453 4628 515 4661 curn
537 4608 648 4662 lortuna
670 4610 743 4660 bella
767 4609 924 4662 restabant.
970 4613 1012 4663 ita
1038 4614 1154 4682 passim,
1180 4607 1288 4658 Bellum
1313 4622 1375 4657 cuns
1396 4603 1477 4656 basta

155 4692 310 4751 acerrimo,
341 4684 443 4736 bellurn
463 4703 525 4736 cum
546 4684 670 4737 omnibus
691 4685 833 4755 improbis.
872 4684 1007 4739 Manilius
1030 4685 1082 4737 line
1106 4684 1170 4737 libri
1192 4686 1291 4755 primi:
1323 4679 1477 4731 Restabant

153 4761 282 4833 profugo
302 4762 420 4812 servilia
441 4761 530 4812 utilite
552 4760 633 4813 bella.
677 4759 904 4815 Gebhardianum
925 4758 994 4812 illud
1016 4776 1073 4813 tant
1096 4756 1223 4833 putidum
1242 4772 1270 4810 et
1292 4752 1399 4808 fatuum
1424 4769 1477 4819 est,
1586 4807 1591 4816 ,

42 4844 46 4854 ’
157 4852 187 4892 ιι
211 4837 281 4890 nihil
302 4841 399 4908 magis.
438 4834 515 4889 *sed
537 4851 566 4889 et
583 4832 659 4887 aliud
679 4852 736 4899 est,
759 4833 834 4906 quod
857 4833 995 4888 medicina
1016 4851 1086 4909 eget.
1125 4832 1199 4903 Quid
1223 4846 1264 4886 est
1287 4835 1376 4883 enim:
1397 4828 1481 4882 Nibil

85 4994 87 4997 Ι
158 4913 229 4969 itit
254 4911 470 4984 acquirebatur?
498 4911 554 4965 Cur
578 4927 636 4964 non
660 4915 753 4984 potius
777 4910 882 4965 TUMi
910 4908 964 4966 Sed
989 4916 1116 4983 corrigo,
1147 4907 1229 4962 Ntbtt
1249 4913 1323 4959 enirn
1348 4904 1476 4961 FAMAE
