3384 5359
237 287 300 365 ιιι
666 260 1130 349 neuraattautttton.
1646 362 1647 377 Ν

237 427 345 502 ,uum
363 427 426 479 usu
443 432 524 479 niu
541 424 582 479 u
597 444 748 479 smmum:
773 424 951 496 auruum
969 410 1175 494 sanctius,
1197 424 1311 505 metus
1334 426 1445 499 ,uem
1468 429 1565 483 ussus
1646 388 1647 425 l

236 524 273 557 aa
292 505 336 559 leis
355 504 530 576 temporibus.
965 558 969 569 Δ

311 580 414 633 *Cum
436 579 473 632 lt.
500 574 583 647 Quod
597 581 660 628 oeri
677 575 767 627 simile
786 577 951 643 occrtrrerit]
977 573 1083 628 Omnes
1103 581 1193 630 nostri
1212 577 1409 632 occuitum

311 656 391 708 cn.
413 655 465 707 111.
492 652 694 725 Quamobrem,
719 657 864 723 quoniam,
887 649 1112 722 quemadmodum
1131 652 1243 719 distent,
1264 656 1319 723 ipsi
1336 671 1393 703 non
1411 652 1564 715 laborum

236 748 286 784 cur
311 730 422 798 legendi
446 735 522 792 sint,
547 732 603 778 nisi
620 732 675 798 ipsi
693 731 769 778 inter
787 744 817 781 se
836 731 883 797 qui
901 726 975 777 idem
992 731 1134 792 sentiunt,
1161 745 1218 779 non
1237 728 1378 796 intelligo]
1404 731 1513 781 Vitiosa
1533 745 1563 782 et

190 815 195 827 '
236 807 349 860 soloeea
369 809 474 859 oratio:
495 818 525 856 ut
545 820 572 856 et
592 818 621 855 tu
641 819 715 855 recte
735 799 917 855 subodoratus
937 817 976 856 es.
1002 802 1156 854 Dicendum
1172 808 1246 855 euim
1258 802 1358 863 iussim
1379 804 1435 856 Cur
1447 804 1563 871 legendi
1647 834 1648 861 ;

236 888 311 947 sint,
329 885 384 931 nisi
402 878 522 932 INTER
541 878 650 944 SUOS,
674 882 720 949 qni
738 876 810 928 idem
829 883 970 941 sentiunt,
998 893 1028 930 ιιι
1048 894 1130 947 supra
1151 879 1177 943 l,
1199 885 1224 933 2.
1269 879 1369 949 Itaque
1387 876 1453 930 subs
1472 882 1562 931 libros
1647 886 1648 912 ¹

129 947 132 955 ’
235 962 290 1030 ipsi
308 956 407 1024 legunt
425 973 486 1006 carn
504 958 578 1017 suis,
598 970 624 1005 et
645 957 691 1006 hie
711 949 798 1003 inira:
827 951 978 1024 Epicurum
995 969 1052 1003 non
1063 951 1135 1021 sere
1151 962 1267 1025 praeter
1285 970 1351 1005 suos
1369 960 1510 1025 quisquam
1530 961 1562 1006 in

236 1050 336 1084 menas
353 1036 447 1082 sunsit.
493 1034 529 1082 At
548 1028 612 1080 MS.
634 1044 695 1081 tuus
716 1044 765 1099 pro
785 1032 841 1077 nisi
860 1026 970 1081 exhibet
990 1027 1106 1095 legant:
1131 1028 1203 1081 uude
1230 1045 1259 1083 tu
1278 1033 1320 1081 sic
1339 1028 1431 1082 locum
1453 1035 1560 1083 eonsti-

236 1111 308 1161 tuis:
334 1106 392 1159 Cur
416 1103 529 1173 legendi
554 1108 612 1154 sint
638 1103 750 1177 (legant
775 1107 829 1173 ipsi
854 1110 928 1155 inter
953 1120 998 1166 se,
1024 1108 1072 1173 qui
1096 1102 1168 1157 idem
1187 1102 1324 1177 sentiunt)
1343 1123 1399 1156 non
1418 1106 1558 1174 intelligo.

207 1186 326 1253 trisque
347 1182 401 1234 hoe
420 1178 529 1253 quidem
550 1195 631 1251 paeto
651 1178 830 1239 soloecismus
851 1194 925 1230 recte
945 1193 1072 1240 sanatur;
1099 1177 1147 1231 sed
1173 1169 1264 1232 oratio
1283 1178 1427 1233 durioris
1447 1196 1482 1259 etb
1495 1197 1559 1234 eoa-

227 1263 323 1325 ,etios,
342 1274 430 1328 neque
445 1257 587 1308 Ciceronis
608 1252 729 1305 indolem
748 1258 830 1335 sapit..
867 1252 1054 1325 Quamobrem
1080 1271 1114 1305 ex
1134 1269 1181 1307 tuo
1201 1260 1297 1306 coaice
1317 1255 1505 1308 mutuabimur
1521 1252 1559 1313 sd
1648 1266 1649 1273 ’

235 1334 344 1401 legant,
364 1335 508 1385 exusseris
522 1328 635 1394 sitnisi,
655 1333 736 1398 etpic
757 1328 867 1381 demum
887 1327 1084 1381 rescribemus:
1105 1329 1161 1382 Cur
1180 1330 1292 1399 legendi
1309 1335 1377 1396 sint,
1398 1337 1452 1384 nisi
1467 1331 1557 1401 legunt

236 1412 292 1482 '‘²⁹⁶‘'
310 1404 1556 1551 iiiiititiittliiii‘tlt'z,iiiitotitilistiiii„“iiiiii

418 1520 425 1537 .
1331 1499 1338 1533 :
1503 1502 1517 1532 e
1547 1520 1555 1544 ‚

234 1563 382 1631 quoniam,
411 1554 637 1628 quemadmodum
656 1554 767 1619 dicunt,
797 1559 851 1626 ipsi
871 1572 928 1605 non
947 1553 1098 1616 laborant,·
1127 1573 1178 1606 cur
1197 1556 1308 1624 legendi
1324 1562 1398 1624 sint,
1429 1563 1487 1608 nisi
1503 1561 1556 1629 ipsi

176 1682 182 1695 ,
235 1640 310 1687 tnter
329 1652 374 1697 se,
399 1638 445 1705 qui
463 1637 535 1683 idem
553 1636 695 1699 sentiunt,
720 1647 777 1681 non
802 1630 945 1697 intelligo]
973 1631 1078 1681 Vitiosa
1099 1646 1126 1683 et
1146 1630 1254 1684 soluens
1282 1637 1386 1684 oratio:
1416 1648 1446 1685 ut
1473 1649 1499 1686 et
1527 1650 1556 1685 tn

234 1725 311 1763 recte
331 1708 512 1762 subodoratus
532 1720 570 1759 es.
596 1703 751 1761 Dicendum
771 1707 847 1758 enon
867 1702 965 1758 luerit:
985 1704 1238 1773 uituperatione,
1258 1712 1314 1758 nisi
1328 1707 1439 1761 INTER
1453 1708 1554 1770 SUOS,

236 1789 283 1856 qui
301 1784 372 1836 idem
390 1787 526 1846 sentiunt,
547 1796 577 1834 us
597 1795 678 1853 supra
698 1781 722 1846 l,
741 1787 768 1836 2.
805 1781 903 1851 Itaque
922 1797 985 1831 srtos
1003 1779 1090 1831 libros
1108 1786 1163 1851 ipsi
1180 1783 1278 1850 legunt
1297 1801 1358 1833 cum
1377 1789 1446 1847 suis,
1466 1800 1493 1836 et
1509 1783 1554 1834 hic

235 1857 323 1913 inira:
351 1859 502 1930 Epicurum
520 1874 577 1907 non
587 1854 659 1927 fere
671 1863 874 1920 praetersuos
891 1859 1036 1927 quisquam
1054 1860 1084 1906 in
1102 1863 1315 1919 manussumit.
1360 1865 1452 1930 Atque
1479 1860 1555 1926 baec,

234 1949 266 1990 ut
284 1933 384 1998 eredo,
405 1949 446 1987 est
466 1931 640 1986 seruientia.

310 2008 423 2062 *ibid
449 2007 486 2058 id
509 2007 697 2059 commendari
722 2010 843 2057 omnium
867 2004 1040 2057 eruditorum
1058 2006 1171 2057 lectioni
1190 2005 1298 2076 debere]
1325 2007 1421 2061 Nostri
1447 2024 1553 2072 omues,

235 2100 263 2140 et
283 2083 339 2138 iere
359 2084 491 2145 aliorum,
512 2082 664 2135 DECERE.
701 2082 737 2135 Et
756 2100 835 2145 mox,
856 2082 887 2133 Si
907 2081 946 2133 lD
965 2085 1056 2132 nunus
1074 2087 1201 2154 consequi
1214 2099 1376 2153 possiunus:
1397 2099 1425 2137 et
1446 2088 1553 2149 iterum,

237 2160 314 2232 Quid
330 2167 359 2211 in
380 2158 536 2229 QUAQUE
555 2175 601 2222 re,
622 2174 693 2222 non,
712 2175 768 2206 une
788 2174 903 2227 quaque.

233 2274 236 2279 ,
310 2234 423 2288 *ibis
446 2232 493 2284 Ad
506 2250 587 2302 apuam
606 2248 657 2283 nos
670 2230 901 2284 ‘consuetudinem
920 2248 939 2279 a
949 2227 1149 2301 familiaribus
1167 2236 1272 2281 nostris
1290 2229 1420 2295 adducti,
1441 2238 1472 2283 in
1494 2232 1553 2285 Tu-

233 2310 360 2373 sculano,
379 2308 453 2380 quod
462 2308 559 2359 datum
572 2312 706 2377 temporis
724 2314 766 2358 est
785 2306 874 2372 nobis,
894 2312 924 2357 in
943 2322 976 2357 eo
996 2311 1221 2376 consumpsimus]
1249 2306 1295 2358 Sic
1313 2306 1423 2361 codIces
1444 2325 1552 2362 omues:

235 2385 284 2441 sed
303 2402 385 2438 sensu
403 2383 488 2436 nullo.
527 2384 596 2454 Lege
616 2387 785 2446 certissime,
805 2387 836 2432 in
856 2380 1136 2446 timenutensium
1156 2383 1273 2434 scilieet

310 2464 412 2514 *Cam
431 2459 477 2512 Ν.
502 2457 567 2508 Etsi
586 2463 659 2508 enim
678 2456 745 2509 milti
762 2462 887 2508 conscius
906 2458 979 2523 sum]
1000 2456 1054 2508 Ter
1075 2473 1202 2527 quaterve
1222 2459 1267 2508 hic
1287 2453 1405 2510 editores
1427 2457 1551 2511 ordinem

234 2542 414 2591 inverterunt.
440 2534 531 2585 Locus
545 2551 578 2584 ex
597 2536 699 2585 nostris
719 2531 846 2585 omnibus
866 2536 908 2585 sia
927 2531 1136 2584 constituendus
1157 2548 1212 2584 est:
1232 2530 1296 2582 Etsi
1313 2538 1386 2583 enim
1405 2532 1474 2584 milri
1492 2551 1551 2585 suns

235 2616 381 2673 nunecius,
407 2625 546 2677 nunquam
564 2625 606 2658 me
625 2612 708 2659 nimis
727 2612 799 2661 visse
819 2605 949 2681 cupidum
968 2603 1068 2668 fuisse,
1101 2622 1193 2659 tstnett
1214 2607 1351 2660 interdum
1370 2607 1552 2662 obiiciebstur

176 2712 179 2721 ·
233 2692 328 2740 anima
348 2693 437 2735 ntetus
456 2698 509 2736 ces.

309 2757 424 2813 *laid
450 2759 495 2810 Sic
510 2755 690 2828 philosophus
707 2762 739 2809 in
757 2761 870 2819 ratione
888 2761 966 2809 vitae
981 2758 1125 2828 peccans}
1140 2756 1311 2811 concinnius
1338 2757 1440 2812 babent
1465 2764 1552 2812 nostri

233 2854 346 2900 omnes,
364 2840 395 2886 in
411 2838 490 2886 uitae
508 2838 627 2885 ratione.

309 2911 412 2964 *Can
425 2913 460 2962 V.
478 2909 580 2960 Nonne
591 2906 743 2958 verendam
755 2911 857 2977 igitur]
880 2907 976 2960 Nostri
989 2922 1101 2959 omnes:
1121 2906 1225 2958 Nonne
1235 2907 1386 2959 uerendum
1398 2925 1438 2961 est
1453 2915 1550 2978 igitur.

308 2984 400 3040 ibid.
427 2983 510 3054 Quod
526 2987 659 3045 enimest
677 2987 768 3033 maius
786 2991 982 3050 argumentum
1000 2981 1072 3033 nibil
1085 2982 1234 3052 prodesse,
1253 3002 1334 3053 quam
1347 2983 1479 3054 quosdam
1493 3004 1553 3053 per·

236 3057 326 3115 ieatos
344 3058 521 3133 philosophos
539 3064 659 3129 trupiter
676 3056 787 3128 vivere]
822 3056 984 3110 Gebhardus
1011 3077 1044 3111 ex
1068 3074 1123 3109 auo
1150 3056 1246 3110 codiee
1271 3057 1364 3111 laudat
1386 3059 1549 3130 professos:

232 3153 316 3208 quam
335 3135 483 3189 lectionem
502 3138 679 3185 verissimam
698 3138 809 3183 omnino
829 3148 888 3185 esse
908 3139 1077 3203 pronuntiet.
1123 3134 1224 3185 Verum
1250 3133 1296 3186 ille
1323 3149 1466 3206 perperam
1492 3141 1551 3206 qui·

163 3200 169 3214 ⁰
232 3210 295 3265 dem
315 3216 439 3265 omniuo.
478 3211 618 3274 Primum,
644 3212 702 3280 lpse
723 3206 809 3260 dictio
830 3222 871 3259 est
890 3211 997 3261 vitiosa.
1039 3210 1110 3261 Nam
1130 3212 1172 3260 sie
1192 3213 1287 3281 utique
1306 3207 1419 3262 dixisset
1440 3212 1547 3276 Cicero,

252 3285 380 3359 rofessas
397 3303 427 3336 se
442 3283 633 3356 philosophos,
654 3282 697 3337 rel
712 3282 863 3354 professos
877 3281 1089 3354 philosophiam.
1126 3282 1243 3344 Deinde,
1265 3299 1291 3336 et
1311 3290 1448 3338 sententis
1469 3285 1550 3339 uncil-

230 3306 281 3416 ξπ.
319 3359 402 3431 Quod
436 3366 491 3424 ait,
512 3364 599 3412 maius
620 3374 829 3430 argumentum,
848 3373 930 3428 quam
947 3356 1096 3430 professos
1111 3357 1288 3429 philosophos
1308 3364 1425 3433 turpiter
1443 3363 1549 3414 viseret

233 3439 350 3508 Quaeris
372 3452 459 3491 matus
480 3436 690 3506 argumentuml
717 3434 770 3487 boc
796 3439 886 3505 ipsum
912 3440 998 3487 maius
1018 3438 1088 3498 erit,
1112 3438 1136 3485 si
1156 3440 1240 3487 etiam
1256 3433 1383 3505 perfecti
1394 3435 1551 3509 plrilosoplti

232 3518 352 3586 turpiter
370 3517 472 3566 vitant.
516 3511 601 3563 Multi
621 3514 695 3562 euim
713 3506 808 3562 stolidi
829 3524 856 3561 et
877 3508 998 3573 indocti,
1026 3508 1175 3562 nebulones
1195 3525 1222 3562 et
1242 3526 1367 3576 scurrae,
1387 3512 1550 3583 profitentur

232 3606 263 3643 se
282 3586 482 3660 Philosophus,
509 3602 628 3656 quorum
654 3589 709 3638 vita
736 3589 896 3656 turpissima
923 3584 1130 3657 Philosophiam
1156 3589 1244 3656 ipsam
1272 3585 1343 3638 haud
1369 3587 1550 3641 ita-multum

232 3661 410 3717 dehonestat:
441 3676 468 3712 st
494 3665 517 3712 si
537 3664 722 3713 consummati
743 3662 915 3731 et-primarii
936 3660 1098 3731 Philosophi
1119 3664 1211 3713 vivunt
1231 3665 1362 3732 turpiter,
1390 3661 1548 3715 eudemum

233 3743 320 3813 ipsius
334 3737 528 3809 Philosophiae
542 3750 583 3787 est
604 3728 725 3788 iufamia.
753 3737 835 3789 Recte
855 3752 920 3808 ergo
940 3734 1120 3787 retinebimus
1141 3736 1187 3788 hic
1204 3733 1549 3809 perfictosplsilosoplsos.

231 3815 334 3870 Noster
354 3816 390 3868 ΙΙ.
415 3810 448 3864 de
468 3813 645 3889 Divinatione
666 3827 751 3885 prope
770 3826 785 3862 a
805 3810 872 3863 fine:
898 3812 965 3863 illisi
989 3814 1159 3862 somniorum
1180 3817 1372 3883 patrocinium
1392 3811 1548 3883 philosophi

230 3894 430 3960 suscepissent?
458 3904 507 3937 nec
526 3891 549 3936 ii
565 3884 673 3956 quidem
692 3890 933 3957 contemptissimi,
959 3885 1010 3936 sed
1026 3890 1172 3956 inprimis
1191 3891 1284 3951 aetsti,
1308 3895 1337 3938 et
1356 3894 1548 3957 corasequentia

232 3974 261 4018 et
280 3968 467 4036 repugnantia
484 3960 626 4020 videntem
646 3965 692 4032 qui
706 3978 795 4031 prope
812 3966 870 4012 iam
882 3960 1067 4015 esssotUTt
1081 3970 1111 4013 et
1124 3962 1301 4015 PERFECTI
1317 3971 1467 4033 putantur.
1501 3967 1547 4016 Vi·

233 4041 281 4093 des
301 4045 374 4105 iam,
393 4056 410 4092 a
430 4043 501 4103 inor,
521 4034 587 4108 quid
606 4050 706 4089 auctor
726 4036 773 4088 hic
791 4037 868 4090 velit.
905 4036 978 4091 Nam
997 4051 1027 4088 ut
1048 4036 1090 4088 bis
1107 4035 1246 4109 perfectis
1264 4038 1436 4112 philosophis
1456 4056 1548 4112 supet»

232 4119 376 4169 stitiouem
395 4058 508 4178 obiicit,
528 4116 566 4165 its
587 4111 642 4165 illis
663 4116 746 4165 vitam
767 4126 875 4184 turpem
894 4125 921 4163 et
940 4110 1117 4183 flagitiosam.

309 4187 398 4244 ibid.
424 4189 502 4240 Nam
527 4195 559 4238 us
583 4191 651 4256 agri
674 4204 732 4239 nan
758 4205 852 4239 onutes
867 4183 1019 4257 frugiferi
1042 4195 1124 4255 sunt,
1150 4191 1198 4258 qui
1222 4188 1366 4250 subtatum·
1386 4186 1546 4261 salstunqus
1602 4206 1608 4223 ·

230 4264 303 4318 llltsd
318 4282 353 4317 ac
370 4262 493 4335 impube

454 4338 518 4390 Etsi
535 4341 567 4388 in
584 4344 709 4405 segetem
729 4344 795 4387 sunt
812 4335 982 4388 deteriorem
1000 4334 1085 4388 datae

456 4414 578 4482 Fruges,
597 4420 691 4463 tumen
709 4415 786 4482 ipsae
803 4419 902 4482 suopte
920 4421 1026 4464 nutrire
1044 4416 1167 4463 enitente

231 4495 274 4543 sic
291 4494 379 4543 animi
396 4507 452 4545 nou
470 4505 564 4540 amnes
581 4487 648 4539 culti
657 4484 791 4558 fructum
802 4485 923 4557 serunt]
956 4489 1040 4541 Recte
1060 4487 1171 4558 quidem
1190 4490 1275 4540 tueris
1295 4486 1399 4541 Mureti
1420 4488 1546 4541 emend»

231 4570 353 4628 tionem
385 4569 509 4638 quamsi
530 4567 577 4633 qui
598 4579 679 4625 sunt,
708 4567 770 4631 qui,
799 4578 830 4615 ut
856 4567 913 4630 ais,
940 4580 991 4635 pro
1017 4560 1136 4616 ridicula
1155 4561 1289 4630 habeant,
1316 4568 1442 4637 uae-ipsi
1461 4568 1546 4618 risum

231 4657 380 4696 merentur.
417 4640 577 4709 Falsttmqtte
596 4635 666 4689 illud
683 4639 780 4698 Accli‚·

455 4714 564 4769 Probae
582 4719 635 4765 etsi
653 4717 683 4765 in
700 4722 824 4783 segetem
842 4719 908 4764 sunt
925 4711 1090 4764 deteriorem
1110 4710 1196 4765 datae

456 4789 579 4858 Fruges,
598 4798 692 4842 tamen
710 4794 787 4861 ipsae
805 4796 904 4861 serapte
924 4796 1027 4839 natura
1047 4792 1160 4841 enitent.

232 4869 269 4922 Δι
288 4866 373 4922 aaut
393 4879 451 4932 est,
471 4863 579 4938 dimus,
596 4883 655 4920 uon
673 4869 762 4922 Accii.
799 4866 880 4921 Unde
899 4880 962 4919 vero
981 4864 1036 4918 bon
1055 4867 1090 4917 iis
1109 4864 1300 4936 compertum?
1326 4863 1400 4917 iiam
1419 4877 1497 4917 certe
1514 4881 1545 4918 ex
