3384 5359
185 226 188 239 “
226 204 288 271 tte
479 207 871 307 ruscunauattunt
892 208 1285 299 DlSPUTATlONUM

713 488 717 499 ¹
832 500 841 533 Ι

615 607 815 674 ntnuu
854 555 1154 691 noturus.

222 851 253 915 1.
272 853 303 916 l.
320 796 509 952 Quintus¹
520 848 573 913 hic
582 850 660 926 dies,
673 850 785 925 Brute,
798 847 892 912 finem
904 846 1001 912 faciet
1013 848 1265 912 Tusculanarum
1278 848 1543 933 disputationum:

223 967 289 1030 quo
316 944 365 1008 die
390 956 439 1008 est
464 966 482 1009 a
505 944 597 1008 nobis
618 966 653 1008 ea
677 946 716 1006 de
738 964 793 1019 re,
832 965 925 1028 quam
951 952 1049 1006 tuen
1072 946 1219 1007 omnibus
1245 946 1381 1010 maxime
1406 950 1545 1028 probas,

224 1040 428 1122 disputatum.
473 1041 607 1105 Placere
626 1039 707 1119 enim
730 1036 789 1101 tibi
810 1040 978 1101 admodum
1005 1037 1110 1114 sensi,
1142 1050 1235 1101 etex
1256 1061 1295 1103 eo
1318 1040 1422 1117 libro,
1454 1063 1547 1127 quem

141 1158 144 1163 ¹
224 1135 264 1197 ad
290 1156 338 1197 me
361 1134 594 1198 aceruatissime
617 1130 792 1214 scripsisti,
825 1142 857 1193 et
880 1153 920 1194 ex
941 1131 1045 1194 miultis
1065 1132 1265 1196 sermonibus
1284 1134 1366 1209 tuis,
1397 1136 1548 1199 virtutem

226 1228 265 1290 ad
283 1229 375 1291 beate
394 1225 563 1291 vivendum
586 1249 620 1290 se
641 1228 711 1309 ipsa
731 1247 799 1288 esse
813 1236 1013 1289 contentam.
1058 1225 1154 1304 Qrtod
1175 1227 1234 1290 etsi
1256 1226 1379 1291 difficile
1400 1240 1449 1294 est
1467 1251 1547 1313 pro-

222 1322 317 1398 batu,
340 1332 477 1405 propter
498 1333 561 1384 tam
585 1321 674 1383 varia
699 1330 815 1382 ettam
835 1319 932 1381 multa
958 1330 1117 1382 tormenta
1140 1319 1307 1384 fortunae:
1340 1323 1404 1385 tale
1422 1324 1546 1387 tamen⁸

167 1484 169 1489 Α
224 1426 290 1491 est,
314 1426 350 1477 ut
370 1417 595 1480 elaborandum
613 1412 672 1492 sit,
697 1434 762 1499 quo
780 1412 904 1477 facilius
920 1415 1102 1496 probetur3
1125 1413 1203 1476 nihil
1222 1426 1270 1477 est
1288 1414 1369 1477 enim
1392 1417 1543 1492 omniurn,

222 1531 302 1595 quae
322 1510 354 1572 in
374 1509 576 1593 philosophia
598 1519 793 1582 tractantur,
817 1510 906 1592 quod
924 1508 1386 1593 gravitrsfmagnihcentiusque
1409 1511 1542 1575 dicatur.

220 1607 255 1687 2.
279 1605 381 1679 Nam,
405 1625 502 1690 quum
523 1605 580 1667 ea³
603 1624 697 1666 causa
721 1600 882 1695 impulerit
908 1623 983 1678 eos,
1014 1601 1071 1687 qui
1091 1601 1185 1684 primi
1207 1623 1240 1665 se
1267 1607 1305 1665 ad
1322 1603 1545 1686 philosophiae

220 1699 356 1764 studium
372 1699 593 1775 coutulerunt,
618 1709 670 1775 ut,
696 1696 841 1762 omnibus
858 1698 954 1759 rebus
969 1696 1179 1781 posthabitis,
1200 1708 1289 1760 totos
1303 1718 1338 1760 se
1352 1697 1384 1760 in
1401 1699 1545 1781 optimo⁴

221 1792 416 1856 'vitae‘statu
439 1793 636 1879 exquirendo
659 1792 875 1855 collocareutt
912 1791 1064 1872 profecto
1086 1812 1142 1873 spe
1164 1792 1256 1854 beate
1275 1790 1401 1855 vivendi
1428 1802 1544 1855 tantam

219 1886 252 1950 in
275 1908 314 1951 eo
342 1886 449 1950 studio
476 1907 584 1949 curam
607 1906 801 1970 operamque
823 1897 1012 1967 posuerunt.
1057 1883 1155 1966 Quod
1177 1885 1204 1948 si
1220 1888 1259 1947 ab
1282 1885 1339 1948 iis⁵
1359 1885 1490 1950 inventa
1515 1896 1546 1948 et

219 1979 385 2063 persecut
406 1980 509 2043 virtus
530 1991 601 2057 est,
632 1991 665 2042 et
689 1979 717 2043 si
738 1979 889 2061 praesidii
910 1980 949 2040 ad
967 1979 1061 2040 beate
1082 1980 1252 2041 vivendum
1277 1979 1308 2041 in
1327 1979 1446 2042 virtute
1469 1978 1544 2043 satis

97 2160 99 2170 Α
122 2056 125 2073 ¹
221 2088 288 2165 est:
311 2074 381 2161 quis
402 2086 450 2138 est
469 2074 523 2161 qui
542 2096 606 2139 non
621 2072 787 2156 praeclare
806 2082 839 2135 et
854 2075 893 2135 ab
913 2071 974 2135 illis
993 2072 1151 2155 positam,
1174 2084 1206 2136 et
1224 2072 1348 2136 anobis
1367 2086 1544 2155 susceptam

219 2189 355 2251 operam,
373 2169 621 2252 philosophandi
636 2165 840 2233 arbitretur?
862 2165 909 2228 sin
932 2178 1036 2237 sertem
1054 2168 1174 2242 virtus,
1198 2166 1339 2230 subiecta
1357 2168 1416 2230 sub
1435 2167 1543 2231 varios

220 2261 424 2350 incertosque
446 2285 537 2328 casus
550 2309 570 2353 ,χ
597 2261 716 2326 ibmula
733 2261 884 2346 fortunae
907 2271 974 2336 est,
1007 2282 1066 2323 nee
1085 2271 1244 2323 tantarum
1263 2259 1380 2323 virium
1402 2273 1470 2337 est,
1509 2271 1544 2323 ut

215 2350 253 2420 Ce
278 2358 348 2439 ipsa
366 2366 512 2420 tuentum:
550 2377 688 2433 vereor,
724 2376 763 2419 ne
785 2363 934 2418 nontam
957 2353 1085 2417 virtutis
1106 2354 1219 2417 fiducia
1245 2355 1404 2417 nitendum
1430 2354 1543 2419 nobis²

219 2453 259 2514 ed
280 2472 368 2537 spem
390 2454 483 2515 beate
508 2450 655 2526 vivendi,
691 2471 785 2533 quam
817 2460 891 2515 vota
920 2448 1065 2512 facienda
1095 2451 1273 2511 videantur.
1327 2450 1359 2511 3.
1384 2448 1542 2531 Equidem

219 2563 408 2619 concauus,
446 2544 499 2607 in⁸
528 2545 641 2629 quibus
667 2565 717 2607 me
742 2544 873 2607 fortuna
898 2545 1104 2608 vehementer
1130 2541 1296 2616 exercuit,
1331 2562 1451 2603 mecum
1474 2542 1542 2623 ipse

217 2634 440 2714 considerans,
464 2638 537 2702 huic
560 2637 681 2721 incipio
702 2638 877 2703 sententiae
900 2638 1040 2702 diffidere
1062 2636 1237 2711 interdum,
1263 2648 1293 2699 et
1316 2635 1461 2700 humani⁹
1484 2655 1542 2720 ge·

216 2729 302 2792 neris
323 2729 568 2794 imbecillitatem
589 2731 859 2817 fragilitatemque
878 2731 1098 2795 extimescere.
1144 2731 1274 2793 Vereor
1296 2731 1395 2804 enim,
1427 2749 1541 2791 nena-

215 2833 309 2899 tura,
334 2844 429 2908 quum
453 2844 595 2908 corpora
615 2825 707 2890 nobis
729 2827 852 2889 infirma
871 2826 1026 2900 dedisset,
1056 2825 1193 2908 iisque¹⁰
1214 2835 1245 2886 et
1264 2822 1396 2887 morbos
1417 2823 1541 2886 insane·

214 2915 296 2980 biles
330 2930 363 2981 et
394 2918 524 2982 dolores
554 2919 771 2983 intolerabiles
804 2921 1015 2996 adiunxisset,
1051 2919 1172 2983 animos
1205 2939 1333 3004 quoque
1360 2916 1480 2980 dederit
1508 2927 1541 2979 et

214 3032 389 3094 corporum
408 3011 574 3076 doloribus
597 3016 856 3097 congurentes¹¹‚
888 3027 919 3078 et
940 3006 1109 3096 separitim
1131 3014 1195 3077 suis
1217 3011 1393 3097 angoribus
1416 3023 1448 3074 et
1471 3031 1540 3073 mo·

102 3160 104 3165 .
215 3105 315 3168 lestiis
336 3095 529 3188 implicatos.
575 3107 606 3171 d.
630 3106 692 3169 Sed
714 3105 745 3169 in
766 3107 865 3171 hoc¹²
887 3130 937 3172 me
953 3107 1058 3190 ipse¹³
1080 3108 1223 3192 castigo,
1246 3109 1336 3189 quod
1350 3127 1390 3169 ex
1405 3105 1538 3168 aliorum

215 3209 311 3263 etex
333 3213 443 3265 nostra
465 3201 604 3264 tortasse
627 3199 808 3278 mollitiast,
833 3224 898 3267 non
921 3220 962 3265 ex
979 3201 1049 3283 ipsa
1063 3201 1200 3276 virtute,
1225 3201 1264 3263 de
1279 3198 1403 3263 virtutis
1417 3201 1538 3263 robore

213 3292 375 3357 existimo.
432 3292 495 3357 ltu
517 3293 618 3370 enim,
650 3294 796 3359 simodo
819 3307 868 3359 est
890 3296 989 3361 ulla¹⁵
1011 3296 1132 3370 virtus,
1161 3315 1255 3379 quam
1278 3291 1538 3357 dubitationem¹⁶

212 3371 385 3450 auunculus
407 3387 645 3465 tuus,'Brute‚
671 3388 818 3466 sustulit,
845 3390 968 3466 omnia,
993 3410 1073 3477 quae
1095 3391 1209 3452 endere
1231 3385 1262 3451 in
1286 3387 1443 3450 homiuem
1460 3406 1536 3468 pos·

213 3491 306 3558 sunt,
344 3482 455 3545 subter
483 3502 517 3545 se
546 3482 670 3557 babet;'
699 3503 799 3568 eaque
821 3481 1015 3565 despiciens,
1055 3505 1147 3547 casus
1169 3482 1341 3548 contemnit
1362 3482 1535 3554 humanos3
1560 3488 1566 3515 t

213 3574 373 3659 crtlpaque
396 3575 481 3641 omni
503 3597 632 3652 carens,
664 3589 791 3658 praeter
813 3576 969 3657 seipsam
1006 3577 1084 3641 nihil
1113 3589 1220 3640 censet
1247 3578 1341 3639 adse
1362 3574 1533 3657 pertinere.

212 3669 283 3733 Noe
306 3681 410 3732 autem
432 3672 538 3734 omnia
560 3672 784 3733 adversatum
800 3670 958 3733 venientia
969 3672 993 3712 ¹⁷
1016 3684 1099 3734 metu
1114 3683 1285 3755 augentes,
1309 3682 1375 3732 tum
1391 3688 1535 3735 maerore

209 3763 409 3846 praesentia,
434 3783 541 3825 rerum
562 3776 724 3840 naturam,
748 3785 842 3850 quam
860 3786 1003 3829 errorem
1020 3777 1184 3841 nostrum,
1209 3767 1355 3828 damnare
1371 3763 1534 3825 malumus.

209 3990 291 4044 ereum
310 3972 404 4043 aliqua
421 3992 510 4026 caena
527 3972 561 4027 de
581 3974 674 4028 Bentl.
694 3973 723 4030 d
743 3976 777 4028 D.
797 3980 894 4047 sieque
912 3977 1023 4029 volebat
1044 3976 1109 4030 Seb.
1130 3981 1156 4030 2.
1175 3973 1231 4031 Sed
1249 3988 1348 4046 operte
1365 3972 1479 4027 dedere:
1498 4002 1537 4019 -ι-

139 4050 143 4059 ’
208 4066 292 4119 quem
318 4066 412 4103 carisa.
439 4050 524 4104 Recte
549 4047 704 4104 refutarunt
733 4051 823 4106 Bouh.
844 4068 872 4105 et
891 4053 943 4111 W.
982 4053 1020 4127 (³)
1038 4081 1078 4095 -
1096 4055 1218 4137 optime
1238 4049 1310 4107 021.
1331 4049 1482 4106 PABSEC.
1499 4079 1537 4097 -ι

209 4123 508 4256 testatis
524 4124 838 4273 utentes?
851 4126 1010 4261 tttl’:
1029 4126 1068 4255 tt
1087 4129 1279 4256 nitus:
1296 4125 1536 4266 uuus

209 4290 283 4346 susp.
313 4279 344 4327 in
371 4292 408 4329 m.
437 4279 520 4337 158¹!-
559 4239 649 4330 Haliet
679 4283 734 4330 iem
760 4276 926 4357 Noniuetin
949 4296 1090 4333 exercere.
1128 4277 1166 4351 (⁹)
1186 4279 1233 4332 Sic
1253 4278 1284 4331 u.
1305 4276 1356 4329 Gr.
1375 4274 1403 4326 b.
1423 4273 1535 4363 (probb.

207 4353 296 4405 Bruto
325 4364 353 4403 et
381 4347 432 4423 D.)
456 4350 530 4404 Lell.
554 4353 607 4409 W.
634 4358 662 4408 2.
681 4382 717 4396 -
737 4350 893 4426 diffidere:
921 4351 1063 4405 interdum
1091 4361 1122 4405 et
1148 4352 1176 4408 lt.
1196 4351 1256 4406 VD.
1277 4359 1303 4408 1.
1324 4378 1362 4392 -
1379 4348 1533 4422 diffidere,

206 4423 355 4482 wordum
373 4430 459 4477 etiam
478 4424 505 4480 h.
536 4425 608 4486 051.
634 4427 833 4495 PABSEGML.
863 4427 927 4502 (W.
954 4433 985 4481 in
1002 4427 1054 4481 Ed.
1074 4436 1131 4516 pr.)
1190 4426 1243 4495 (¹⁰)
1268 4453 1305 4468 ·-
1333 4423 1426 4495 hisque
1446 4426 1478 4480 R.
1499 4429 1533 4482 D.

206 4498 259 4575 (¹¹)
278 4528 316 4544 —
335 4501 582 4570 compescentes,
599 4500 641 4555 vel
655 4513 924 4573 congrovescentes,
946 4502 987 4558 vel
1005 4504 1213 4575 confringentes
1233 4503 1263 4556 b.
1284 4504 1387 4567 respic.
1407 4527 1445 4544 -
1462 4517 1534 4553 eon·
1558 4522 1561 4527 ⁴

205 4584 319 4628 trientes
336 4577 371 4629 D.
398 4593 472 4652 susp.
506 4575 575 4631 Vide
601 4578 708 4633 Fausto.
736 4594 764 4633 et
784 4580 894 4653 Woplt.
914 4598 942 4654 p·
963 4582 1027 4637 lot.
1062 4580 1116 4649 (¹²)
1137 4610 1173 4622 ·-·
1193 4577 1248 4629 Sed
1266 4575 1316 4628 ll⁰⁶
1338 4576 1388 4628 Gr·
1427 4575 1478 4642 (Β)
1497 4604 1534 4621 “

124 4673 131 4689 ·
206 4659 296 4725 ipsum
315 4651 387 4706 021.
408 4652 440 4707 P.
461 4651 582 4721 (-'sed
598 4651 650 4705 hoe
668 4660 698 4705 in
717 4673 760 4706 me
779 4660 838 4725 ipse
857 4674 881 4709 c.
900 4657 1008 4708 Nonius
1029 4674 1056 4726 p.
1078 4662 1141 4714 251.
1154 4650 1260 4726 Mers.)
1280 4651 1332 4725 (Ν)
1353 4652 1400 4703 Sic
1416 4652 1531 4707 Nonius.

206 4730 238 4782 n.
268 4728 319 4781 er.
345 4726 405 4781 coi.
426 4729 505 4783 ενι.
526 4730 608 4800 seqq.
633 4730 958 4786 :⁸1nollttteABsEM.
1011 4731 1063 4801 (¹⁶)
1081 4753 1119 4790 =
1137 4730 1197 4783 uua
1214 4737 1258 4781 ..ι
1276 4722 1378 4784 rane
1429 4724 1480 4795 (¹⁶)
1499 4754 1535 4773 ··

200 4805 424 4877 ‚disputationem
442 4786 493 4861 SE.
533 4803 585 4874 (²⁷)
604 4832 643 4848 -
661 4810 836 4861 imminentia
855 4807 928 4864 011.
948 4804 1026 4863 Letd.
