3384 5359
141 3746 151 3801 l

650 324 832 390 cmiv.
877 298 1054 389 cau
1162 388 1168 401 ,
1359 394 1364 399 ,
1433 331 1493 391 nr
1547 422 1550 431 ¹

121 484 127 488 “
161 450 424 552 iudiciorumque
446 465 653 553 aequabilitas
676 476 710 530 et
730 464 928 542 consluetis,
952 464 1044 529 cusu¹¹
1066 450 1213 529 linnitate
1228 469 1364 552 quadam
1378 479 1409 532 et
1428 481 1493 533 sta·
1515 546 1518 555 J

161 563 309 637 bilitate,
344 563 495 626 uirtutem
517 564 736 648 subsequens,
758 572 810 623 aut
832 559 960 623 virtutis
983 561 1046 624 vim
1068 560 1191 644 ipsam²
1215 562 1398 637 continens,
1421 565 1493 645 pul-

162 658 318 722 chritudo
352 669 501 743 vocptttr.
556 657 701 739 Itemque
735 654 859 717 viribus
888 655 1038 736 corporis
1066 667 1099 718 et
1126 655 1234 718 nervis
1264 667 1295 719 et
1318 656 1496 720 efficacitati

163 751 285 816 similes
320 750 476 815 similibus
505 742 656 836 qnoque³
688 748 796 812 verbis
823 747 919 812 animi
947 748 1033 811 vires
1056 749 1271 813 nominantur.
1328 750 1495 815 Velocitas

164 858 287 914 eutem*
306 846 476 928 corporis,
510 844 657 909 celeritas
687 843 887 925 appellatur:
922 862 1004 926 qnae
1034 844 1142 905 cadem
1170 842 1290 927 ingenii
1311 844 1403 907 etiam
1426 845 1493 937 laus

164 941 306 1003 habetem
336 950 474 1022 propter
503 938 596 1002 animi
617 938 785 1001 multarum
806 956 914 1002 rerum
935 935 1029 998 brevi
1046 948 1197 1018 ternpore
1218 938 1494 1019 percursionem&
1535 967 1537 970 >

255 1033 358 1098 XIV.
381 1030 468 1096 illud
490 1030 667 1096 animorum
688 1050 926 1114 corporumque
947 1029 1139 1108 dissimile⁵,
1164 1034 1252 1116 quod
1273 1031 1366 1095 animi
1388 1033 1495 1095 valen·

165 1137 217 1190 tes
240 1127 356 1191 morbo
377 1124 492 1188 tentari
512 1146 577 1188 uon
598 1137 751 1207 possunt,
785 1146 926 1207 corpora
947 1125 1129 1207 possunt⁶3
1163 1128 1220 1188 sed
1248 1146 1420 1207 conpotum
1443 1127 1496 1189 oi·

166 1218 331 1283 sensiones
358 1218 424 1283 sine
453 1218 548 1301 culpa
575 1218 717 1281 accidere
745 1230 899 1301 possunt,
935 1217 1110 1282 animorum
1143 1240 1209 1281 non
1229 1218 1322 1282 item:
1357 1239 1494 1301 quorum

168 1335 283 1378 omnes
306 1314 416 1376 morbi
431 1324 464 1376 et
484 1311 742 1397 perturbationes
764 1332 805 1375 ex
822 1314 1066 1396 adspernatione
1087 1313 1219 1376 rationis
1241 1311 1403 1376 eveniunt.
1427 1313 1494 1376 Ita·
1603 1396 1605 1399 Ι

167 1428 234 1493 que
255 1406 288 1469 in
305 1398 490 1469 vhominibus
512 1406 615 1471 solum
638 1405 813 1469 exsistunt:
833 1428 906 1470 nam
921 1406 1040 1471 bestiae
1056 1406 1156 1469 simile
1179 1406 1326 1490 quiddam
1340 1407 1493 1486 iaciunt7,

130 1534 136 1545 ·
168 1503 229 1565 sed
249 1501 281 1564 iu
304 1501 561 1584 perturbationes
583 1520 646 1564 uon
668 1499 824 1562 incidunt.
855 1501 909 1562 82.
933 1501 1023 1564 Inter
1045 1510 1155 1565 acutos
1177 1512 1279 1564 atttem
1301 1504 1498 1566 ethcbctes⁸

168 1595 323 1671 interest,
357 1596 445 1678 quod
471 1592 647 1678 ingeniosi,
682 1605 717 1656 ut
739 1615 792 1657 aes
822 1593 1022 1659 Corinthium
1045 1596 1076 1657 in
1099 1593 1300 1678 aeruginem,
1331 1597 1378 1659 sic
1398 1594 1443 1660 illi
1464 1598 1496 1661 in

168 1689 321 1751 morbum
354 1700 386 1751 et
413 1686 556 1751 incidunt
583 1684 726 1763 tit-dius,
753 1701 785 1752 ct
818 1701 1003 1753 recreantur
1026 1689 1135 1762 ocius;
1161 1689 1300 1755 ‚hebetes
1323 1710 1385 1752 non
1408 1691 1496 1755 item.

168 1783 244 1848 Nec
275 1804 354 1846 vero
382 1781 415 1844 in
445 1802 571 1846 omnem
596 1783 744 1846 morbum
767 1805 803 1846 oc
824 1772 1099 1867 perturbationem
1122 1780 1243 1844 animus
1263 1781 1421 1869 ingeniosi
1443 1807 1496 1847 ca·

170 1876 237 1951 dit3
260 1898 323 1943 non
346 1874 429 1940 enirn
452 1874 508 1937 Pin
531 1874 593 1938 nlla
616 1876 744 1939 efferata
768 1891 799 1940 et
819 1877 1005 1940 immaniai‘:
1030 1880 1181 1960 quaedam
1195 1889 1298 1939 autem
1321 1878 1497 1953 hnmanita-

170 1969 214 2033 tis
237 1991 366 2054 quoqne
386 1973 505 2033 habent
525 1970 659 2052 primam
682 1972 835 2052 speciem,
860 1984 895 2033 ut
910 1969 1144 2044 misericordia,
1169 1967 1357 2053 aegritudo,
1380 1982 1506 2055 metus.-

169 2064 424 2149 Aegrotationes
454 2074 557 2126 autem
587 2054 755 2148 morbique
764 2065 790 2103 ¹⁰
819 2063 995 2127 animorum
1026 2062 1183 2146 difficilius
1205 2061 1299 2126 evelli
1320 2085 1416 2146 posse
1437 2080 1510 2147 ptr-⁸

171 2169 301 2234 tantur,
326 2180 418 2241 quam
442 2178 560 2220 summa
581 2156 634 2220 illa
656 2157 748 2233 vitia,
773 2178 855 2241 quae
879 2157 1049 2220 virtutibus
1065 2169 1137 2227 sunt
1152 2157 1324 2221 contraria.
1351 2168 1355 2175 ”
1367 2160 1499 2224 Morbis

173 2252 260 2319 enim
281 2252 497 2327 manentibus,
521 2250 595 2315 vitia
613 2252 738 2314 sublata
752 2272 821 2314 esse
835 2256 1018 2335 possunt¹¹;
1042 2251 1124 2336 ‘'qui
1144 2271 1208 2315 non
1230 2254 1329 2314 tam¹²
1351 2254 1499 2323 celeriter

170 2356 342 2422 sanantur,
377 2368 470 2431 quam
491 2345 546 2408 illa
568 2344 737 2409 tolluntur.
782 2346 835 2409 33.
860 2349 970 2410 Habes
994 2367 1049 2422 ea,
1089 2366 1169 2430 quae
1191 2348 1229 2408 de
1250 2348 1500 2428 perturbationi·

165 2441 236 2503 bus
259 2440 422 2529 enucleate
445 2440 603 2522 disputant
625 2438 744 2503 Stoici:
768 2462 850 2524 quac
872 2441 979 2526 logica
1002 2440 1182 2522 appellant,
1207 2442 1278 2524 quia
1300 2442 1499 2510 ⁴disseruntur

173 2532 335 2596 sitbtilius.
403 2534 458 2596 Ex
500 2533 651 2616 quibus¹³
691 2536 842 2616 quoniam
873 2546 1031 2617 tamquam
1072 2555 1089 2596 e
1133 2534 1332 2616 scruposis¹⁴
1374 2536 1499 2601 cotibus

172 2630 356 2716 enavigavit
395 2629 519 2704 oratio,
563 2628 702 2712 reliquae
740 2626 964 2709 disputationis
1003 2646 1132 2690 cursum
1167 2624 1352 2692 teneamus:
1401 2634 1497 2697 modo
1543 2630 1550 2651 .

78 2792 92 2805 ,
109 2810 130 2837 ὑ
172 2722 252 2788 satis
290 2723 346 2786 illa
380 2723 516 2787 dilucide
555 2721 725 2784 dixerimus
757 2735 819 2803 pro
856 2742 963 2784 rerum
1002 2723 1209 2786 obscenitate.
1275 2726 1320 2789 A.
1358 2725 1500 2789 Prorsus
1540 2714 1547 2722 ⁴

253 2949 292 3016 (¹)
312 2976 348 2991 -
366 2964 449 3019 qiusm
468 2944 533 2999 sch.
554 2950 580 2999 2.
600 2948 697 2999 nescio
716 2961 770 3015 quo
790 2960 894 2997 errore.
931 2942 970 3069 Si)
988 2947 1106 3016 -ipsa
1124 2941 1158 2996 de
1176 2943 1268 2998 Bentl.
1284 2941 1314 3000 Ε.
1335 2930 1386 2999 us}
1406 2947 1459 2999 W.
1473 2950 1502 3000 in
1598 2918 1600 2925 .

174 3020 229 3078 nd.
249 3042 291 3097 pr.
339 3021 376 3090 (³)
404 3021 451 3074 Sic
479 3020 545 3074 Mt..
574 3019 644 3077 let
670 3021 723 3077 W.
743 3025 769 3074 2.
789 3046 828 3062 -
845 3018 1032 3090 similiusque
1051 3021 1095 3082 (tt.
1116 3033 1187 3072 teste
1207 3023 1241 3074 D.
1261 3035 1289 3072 et
1309 3020 1410 3088 Boub.)
1430 3019 1502 3078 051.
1532 3060 1541 3073 ,

176 3090 377 3155 PABsucvo.
402 3126 440 3140 -
468 3095 604 3148 similibus
628 3092 717 3148 Gebh.
745 3104 770 3151 1.
791 3097 861 3162 (om.
880 3095 1008 3168 quoque.)
1045 3090 1082 3167 (⁴)
1101 3101 1359 3167 -percussionem
1378 3097 1409 3148 ll.
1431 3095 1502 3152 021.

168 3176 235 3244 (P.)
272 3173 311 3241 (⁵)
336 3193 376 3227 ·.:
404 3171 537 3226 discipule
566 3180 609 3225 esi
626 3163 841 3227 susucvntiss
877 3168 915 3241 (⁶)
937 3174 985 3225 Sic
1007 3172 1037 3224 li.
1056 3167 1085 3223 b.
1104 3168 1173 3225 Cdd.
1192 3185 1301 3224 tantum
1319 3189 1376 3224 non
1396 3189 1504 3228 omnes.
1582 3178 1585 3197 ¹

176 3248 408 3306 rsusucvntt.
439 3247 529 3302 Gebb.
556 3255 588 3304 1..
601 3244 732 3300 Defendit
751 3246 909 3322 Nissenius.
946 3247 1049 3313 Recte,
1069 3262 1147 3318 puto.
1167 3247 1268 3300 Sensus
1288 3262 1344 3300 est:
1365 3251 1502 3313 „animus

176 3324 339 3401 (sapientis)
358 3324 449 3377 salens
470 3340 586 3394 vereque
604 3339 686 3374 sanus
706 3319 782 3373 nnllo
801 3336 924 3393 unquam
943 3319 1043 3383 morbo
1062 3337 1084 3373 s.
1104 3322 1313 3394 perturbatione
1327 3330 1428 3377 tentari
1443 3340 1521 3397 pot··

72 3392 85 3413 '
138 3421 150 3441 s
176 3417 235 3455 est:
266 3417 367 3474 corpus
398 3414 496 3452 contra
523 3397 566 3451 sel
589 3397 810 3451 valentissimum
827 3400 1012 3470 ‘repentinum
1037 3398 1068 3448 in
1093 3397 1222 3451 morbum
1246 3412 1337 3467 potest
1364 3400 1503 3453 incidere:

123 3500 127 3505 ·
180 3476 230 3530 sed
248 3476 303 3529 boe
322 3490 463 3549 praeterea
482 3473 615 3526 dissimile
635 3488 693 3537 est,
720 3469 792 3543 quod
812 3488 961 3545 corporum
975 3502 993 3514 -
1006 3486 1169 3544 -possunt,
1189 3476 1278 3526 animi
1298 3479 1392 3527 vitiosi
1413 3492 1440 3529 et
1461 3481 1504 3529 in·
1529 3526 1532 3533 .

177 3556 307 3625 sipientis
326 3550 439 3604 morbus
467 3566 576 3623 semper
601 3565 664 3601 cum
691 3547 772 3621 eulpa
797 3552 964 3601 coniunctus
985 3546 1055 3600 est.''
1074 3562 1113 3600 ee
1131 3548 1227 3600 morbo
1246 3534 1355 3603 scirtari
1370 3560 1509 3622 possunt,

175 3644 301 3698 corpora
316 3633 435 3698 possunt
454 3623 527 3683 Ctd'.
546 3626 646 3696 Regius
667 3621 844 3677 Lallemaudi.
865 3652 904 3664 —
923 3623 1019 3676 morbo
1038 3629 1150 3674 uniari
1164 3633 1299 3695 possunt,
1332 3634 1364 3677 ui
1383 3645 1504 3699 corpora

174 3711 299 3831 titi
313 3698 767 3848 .35,..³‘.¹¹i.¹·.i.⁰s.i:l·..ll‚
784 3698 1194 3844 i..⁵.1.⁶.‘.¹².‘t'..l.¹⁶..t.t⁰'t¹:i
1214 3717 1387 3846 atilli
1395 3718 1504 3851 ιίἰξίἱί

177 3852 264 3918 dum,
289 3852 363 3925 quod
389 3848 453 3905 ium
474 3851 510 3924 []
546 3846 740 3903 tantummodo
768 3854 879 3921 recepit
903 3849 964 3906 W..
997 3849 1037 3919 (⁷)
1055 3878 1094 3892 -·
1119 3856 1271 3922 patiuntur
1296 3851 1398 3906 Nescio
1423 3858 1501 3907 cuius

178 3936 273 4002 susp>
307 3929 345 3994 (⁸)
372 3927 418 3982 Sic
445 3922 1014 3983 lt.,1>sBsecvML.Letteoesrnter
1032 3922 1091 3977 heb.
1112 3945 1127 3977 e
1153 3930 1249 3998 paucis
1274 3925 1343 3981 edd.
1364 3928 1454 3986 Gebb.
1476 3939 1503 3986 1.

178 4004 233 4062 W.
255 4008 283 4060 2.
317 4001 376 4057 cte.
401 4000 549 4054 'Pacarium
570 4009 598 4057 1.
617 4003 646 4053 ln
673 3999 741 4065 fine,
770 4000 817 4053 ubi
837 3999 956 4053 alterum
975 4007 1051 4051 inter
1072 3998 1179 4055 induxit
1199 4001 1324 4069 Gernb.,
1341 4004 1418 4057 boh.
1438 4009 1505 4057 tetl-

177 4085 257 4132 nuit:
290 4082 406 4133 omnino
432 4084 561 4131 iteratum
591 4080 635 4127 vix
663 4073 755 4127 locum
786 4074 868 4128 babet
895 4075 967 4147 apud
987 4077 1064 4140 cte„
1092 4080 1147 4141 pist
1173 4074 1221 4128 ubi
1247 4078 1380 4130 vocabula
1400 4080 1505 4151 aliquot

178 4158 406 4287 qzufirpopp'unmr.
416 4153 527 4280 Epion:
545 4180 585 4194 -
595 4148 647 4201 boc
665 4156 785 4202 interest
798 4150 952 4296 muln}
978 4150 1016 4277 (ἶ)
1036 4154 1083 4277 Sip
1103 4150 1137 4203 de
1158 4150 1246 4206 bentl.
1255 4151 1341 4281 gildi).
1356 4158 1385 4207 iu
1397 4154 1505 4284 Εάὲὲιὲ.

240 4268 248 4280 .
324 4234 387 4283 ‚in
460 4248 529 4281 .r.
554 4254 594 4269 -
619 4242 676 4277 uon
701 4231 773 4277 enim
868 4245 920 4277 ae
943 4244 1029 4277 erac
1053 4244 1067 4278 e
1102 4231 1236 4278 immania
1317 4235 1414 4291 ‚moti
1497 4269 1505 4286 .

179 4319 245 4358 ante
267 4307 302 4358 D.
319 4307 395 4358 ‘Item
417 4311 442 4359 1.
483 4247 548 4357 gine
568 4318 658 4355 sensu.
687 4316 726 4354 ω
753 4320 810 4352 non
835 4306 958 4354 enimin
976 4308 1052 4353 vitia
1070 4296 1190 4372 efferata
1209 4312 1239 4355 st
1257 4308 1390 4356 immunia
1409 4307 1503 4362 Altera

179 4379 273 4435 Bentl.
299 4377 393 4435 6..ae
417 4396 475 4443 ,non
500 4382 573 4431 enim
600 4382 630 4427 irs
655 4375 741 4428 sellom
760 4370 911 4447 efferam
930 4386 959 4429 et
977 4383 1126 4429 immanem
1145 4380 1178 4431 de
1199 4384 1296 4445 tertie,
1332 4397 1360 4433 nt
1380 4382 1505 4447 videtur,

178 4455 274 4511 Bentl.
301 4452 330 4511 Ε.
353 4456 404 4508 Da.
423 4454 478 4507 Db.
498 4455 551 4512 W.
570 4450 622 4504 Ed.
649 4468 705 4506 sec.
726 4454 793 4507 Sch.
820 4458 848 4508 2.
875 4451 1029 4507 Audacter!
1070 4454 1120 4519 (¹⁰)
1142 4455 1189 4507 Sic
1209 4454 1298 4507 Gebb.
1321 4458 1402 4527 Seqq.
1421 4480 1459 4514 =
1476 4465 1507 4508 st

177 4530 272 4583 morbi
290 4529 516 4587 Pstisucvnti..
568 4528 619 4596 (¹¹)
640 4526 687 4580 sic
714 4525 785 4582 nti
815 4527 923 4580 firmata
944 4544 958 4580 a
980 4527 1055 4581 Leid.
1076 4544 1103 4582 et
1122 4528 1164 4582 El.
1186 4546 1240 4583 sec.
1263 4534 1296 4584 D.
1318 4531 1385 4582 Lall.
1405 4532 1457 4587 W.
1478 4535 1505 4585 2.

179 4606 312 4658 -'uitia
336 4605 448 4656 sublato
473 4622 532 4655 esse
561 4606 602 4671 (in
632 4603 732 4655 horum
758 4619 822 4655 roe:
850 4603 947 4657 ordine
972 4611 1080 4658 variant
1097 4594 1167 4657 liud.
1190 4620 1253 4657 unte
1274 4607 1333 4658 (λε’
1354 4610 1429 4656 vitia
1447 4623 1507 4656 esse
1591 4600 1595 4606 ’

178 4681 249 4735 dubl.
271 4682 324 4736 SE.
343 4700 382 4734 ε
401 4696 458 4732 esse
477 4682 552 4731 vitia
571 4676 642 4729 subi.
662 4679 755 4745 Pan.)
775 4696 833 4729 nom
847 4689 968 4751 possunt
986 4678 1056 4734 Edd.
1084 4696 1149 4735 ante
1167 4682 1203 4734 D.
1223 4682 1294 4733 item
1316 4689 1341 4737 1.
1388 4678 1438 4755 (¹2)
1459 4682 1508 4735 sie

180 4760 235 4811 Da.
255 4759 308 4816 W.
328 4762 356 4811 2,
375 4771 413 4809 oo
431 4760 497 4827 quia
517 4773 574 4807 nors
593 4763 653 4804 ium
672 4754 741 4807 edd.
762 4758 833 4807 noti.
854 4754 1109 4809 PABSECVMDb.
1126 4756 1194 4809 Lall.
1216 4766 1241 4813 1.
1261 4785 1299 4797 -
1317 4758 1382 4827 qttiu
1401 4755 1431 4806 lsi
1450 4774 1506 4807 nors

177 4840 240 4885 tuns
269 4833 301 4886 L.
331 4830 361 4888 Θ.
393 4837 495 4886 Rursus
514 4831 580 4884 Ern.
601 4846 675 4902 susp.
728 4829 779 4907 (¹³)
798 4852 835 4886 =
854 4849 869 4881 e
889 4831 985 4902 quidus
1004 4829 1074 4885 Edd.
1095 4844 1159 4885 ente
1179 4831 1269 4886 Gebb.
1290 4832 1374 4884 Mox:
1392 4861 1431 4873 -
1450 4850 1507 4888 om.

179 4912 311 4980 quoniam
331 4907 505 4964 Paesici.
555 4904 607 4982 (¹³)
627 4902 659 4959 de
679 4905 777 4960 Lemb.
797 4920 824 4960 et
841 4906 935 4961 Bruti.
955 4906 984 4964 Ε.
1005 4906 1039 4962 D.
1060 4906 1128 4961 lel.
1149 4908 1201 4967 W:
1221 4912 1248 4965 2.
1266 4936 1305 4952 ·-
1323 4925 1338 4958 e
1356 4909 1508 4980 scruplosis
