3384 5359
678 344 743 409 An
766 343 857 406 ura.
881 343 947 408 tv.
1446 341 1508 438 ass
1565 357 1569 370 ¹

172 491 272 537 ninum
295 485 469 546 Samniteme
503 488 528 538 is
551 487 627 538 enim
650 497 709 537 erat
731 500 796 537 cum
822 488 885 558 ipso
908 487 1084 538 commissus.
1130 481 1178 538 Sic
1202 484 1302 538 Cicero
1327 498 1424 558 saepe,
1456 486 1507 538 iiia

167 559 274 635 suria,
300 558 334 612 dc
352 563 419 613 viris
442 576 511 632 quos
531 558 628 614 oderat
647 558 730 613 verba
749 555 864 612 iaciens.
904 558 976 614 illud
999 574 1075 613 certe
1095 563 1153 634 ipsa
1173 564 1310 614 sententia
1328 561 1452 633 flagitat,
1475 551 1526 615 ut¹

172 654 277 689 nomen
301 634 414 709 aliquod
434 636 482 690 hic
500 640 611 705 veniat,
638 653 693 707 quo
712 636 820 689 Samnis
839 635 887 687 ilie
906 634 1067 688 denotetur:
1090 635 1189 703 Prius,
1210 640 1316 708 inquit,
1341 641 1371 688 in
1394 654 1426 689 os
1446 633 1508 710 ipse'

174 712 303 782 gladium
328 716 481 784 accipiam,
507 700 591 782 pluam
614 715 645 762 in
668 710 742 765 illius
764 709 910 763 stomacho
932 717 1042 764 sistam.
1087 709 1167 764 Unde
1189 728 1286 764 omnes
1309 711 1373 766 tliso
1396 713 1506 787 practer¹

173 785 253 846 tuam
276 791 470 851 coniecturae,
482 785 581 860 fibro,
605 789 687 853 aaa,
710 785 788 846 irre,
815 792 903 838 sicam
925 802 979 840 unt
999 791 1079 840 ruina
1098 785 1258 841 concidunt.

250 865 330 918 Car.
349 864 463 917 xxm.
490 863 603 934 Semper
626 864 706 914 Aias
720 861 835 933 fortis,
852 862 1036 933 fortissimus
1059 867 1203 913 tamenin
1216 863 1343 931 furores

336 929 344 936 ’
397 938 475 990 Nam
488 936 612 1009 facinus
621 935 700 1010 fecit
719 943 888 1002 maximum,
912 956 994 1010 qtutm
1012 938 1127 990 Danais
1145 938 1344 989 inclinantibus

398 1012 539 1064 Summam
561 1013 621 1064 rem
639 1011 763 1085 perfecit
784 1029 899 1079 manus,
922 1012 1057 1086 proelium
1079 1017 1204 1064 restituit
1227 1016 1379 1083 insaniens]

173 1086 247 1142 Sunt
264 1084 383 1140 iambici
401 1093 539 1158 octonarii
556 1106 589 1141 ex
605 1094 714 1142 comico
732 1091 769 1154 (i)
787 1087 908 1162 quodam
926 1087 1070 1160 producti:
1097 1087 1170 1141 unde
1183 1087 1291 1148 ‚frustra
1309 1090 1355 1141 hic
1370 1089 1504 1142 historiae

172 1165 322 1217 veritatem
345 1179 471 1234 quaeras.
508 1162 562 1216 Sed
583 1163 650 1216 iilud
666 1165 805 1235 proelium
822 1182 879 1217 non
899 1166 1007 1236 piscem
1030 1181 1114 1237 quum
1130 1169 1194 1234 quia
1212 1165 1321 1218 versum
1337 1169 1503 1235 corrumpit,

171 1256 264 1310 neque
285 1242 370 1305 enim,
391 1237 464 1311 quod
486 1254 516 1292 tu
553 1239 667 1306 ostulas,
694 1237 803 1292 induas
823 1233 942 1313 syllabas
962 1243 1100 1292 coarctari
1120 1254 1227 1313 potest;
1254 1256 1312 1293 tum
1333 1244 1397 1311 quia
1413 1256 1504 1312 proe-

170 1313 243 1366 lium
270 1319 418 1367 restituere
445 1332 499 1367 nec
525 1258 634 1368 doinus
660 1316 811 1372 maximum
842 1307 912 1380 est,
928 1331 981 1368 nec
1003 1311 1050 1368 'res
1076 1314 1193 1377 summa.
1239 1314 1379 1370 Proelium
1402 1321 1504 1389 quippe

170 1393 331 1518 qeeqltituitur
353 1405 451 1465 saepe,
473 1406 502 1445 et
526 1406 617 1445 tamen
638 1391 823 1464 nihilominus
847 1395 964 1445 victoria
986 1395 1133 1462 emittitur.
1170 1388 1305 1463 Equidem
1324 1395 1367 1445 sic
1388 1394 1503 1466 poetam

230 1469 282 1519 ‘sse
321 1481 385 1520 uto:

301 1484 319 1539 P
400 1541 543 1594 Summam
561 1559 618 1593 rem
634 1539 760 1613 perfecit
780 1525 908 1609 MANU,
932 1540 1013 1596 REM
1035 1546 1159 1594 restituit
1180 1546 1332 1596 insumens.
1367 1550 1371 1558 ’

171 1616 236 1671 Scis
259 1613 328 1668 iliud
348 1616 433 1669 Ennii
457 1632 484 1669 et
502 1616 624 1689 Virgilii,

401 1689 479 1744 Unrts
499 1690 581 1744 lromo
601 1692 681 1743 nobis
703 1692 862 1744 cttnctando
884 1694 1007 1745 restituit
1030 1707 1112 1747 rem.·

169 1769 318 1830 Cerauni,
343 1785 428 1839 quum
447 1772 478 1820 in
498 1785 557 1818 rem
579 1771 720 1834 restituit,
741 1765 778 1824 τὸ
797 1785 858 1819 rem
878 1767 1071 1821 absorberetur
1093 1784 1108 1819 a
1127 1766 1231 1841 syllaba
1248 1782 1395 1839 sequente,
1417 1765 1505 1826 libra-

171 1846 210 1895 rii
233 1858 329 1894 vocem
355 1842 430 1896 illam
449 1842 588 1915 praelitam
611 1841 644 1894 sd
665 1840 845 1917 supplendam
873 1846 1027 1897 orationem
1054 1849 1238 1898 inseruerunt.

246 1916 327 1970 Car.
347 1918 452 1972 XXIV.
482 1918 590 1971 Tracta
610 1917 799 1971 definitionem
809 1915 1017 1990 fortitudinis:
1038 1920 1181 1987 intelliges
1200 1937 1262 1971 eam
1281 1914 1427 1968 stomacho
1443 1933 1502 1969 nan

170 1992 271 2064 egere]
297 1991 414 2046 Codices
435 1993 558 2065 plerique
577 1991 742 2066 definitione
761 1992 874 2048 habent.
914 1994 990 2046 Tuus
1009 1995 1056 2048 ille
1076 1998 1201 2068 egregius
1219 2011 1269 2067 pro
1287 1997 1362 2044 varia
1378 1981 1501 2045 lectione

193 2071 254 2120 onit
278 2067 553 2122 DEFlNlTlONES.
592 2070 769 2123 Rectissime:
797 2069 889 2141 plures
911 2074 986 2122 enim
1009 2087 1075 2123 mou
1097 2085 1255 2124 enumerat:
1279 2065 1313 2120 de
1336 2068 1436 2139 quibus
1459 2072 1503 2121 sio

168 2085 311 2213 loquitur:
346 2145 511 2215 Superiores
539 2142 713 2199 definitiones
742 2154 826 2198 erant
851 2142 970 2217 Sphaeri
1182 2152 1251 2196 stent
1273 2150 1367 2205 autern
1389 2148 1502 2202 omnino

169 2234 269 2272 omnes
287 2215 359 2288 fite
380 2220 493 2272 sinu‘les.
524 2229 528 2252 ¹
1281 2225 1285 2236 '

248 2291 340 2347 ibid.
368 2294 504 2364 Quamvis
521 2295 587 2347 licet
605 2301 771 2348 insectemur
788 2297 876 2358 utos,
900 2300 932 2344 ttt
952 2293 1114 2347 Carneades
1130 2291 1257 2354 solebats
1277 2302 1375 2345 ¹metuo
1395 2311 1429 2344 ne
1448 2294 1503 2345 soll

166 2366 329 2441 philosophi
348 2374 417 2439 sini]
444 2359 519 2424 Bcite
541 2369 667 2442 quidem,
699 2368 772 2442 qnod
798 2370 948 2423 lectionem
978 2370 1051 2423 hanc
1071 2371 1209 2440 Quamvis
1230 2370 1311 2433 licet,
1342 2373 1371 2421 in
1396 2383 1503 2421 textum

168 2448 313 2517 recepisti.
351 2443 405 2499 Sed
432 2443 498 2499 dntn
524 2462 668 2516 utramque
694 2445 859 2518 perticulam
884 2442 1008 2498 eiusdem
1038 2451 1182 2516 potestatis
1209 2461 1269 2498 esse
1294 2442 1401 2508 credis,
1427 2460 1502 2497 erras

169 2537 237 2573 curn
256 2519 317 2573 aliis
335 2519 499 2592 quibusdam
518 2526 583 2574 viris
599 2520 777 2574 doctissimis.
814 2521 955 2590 Quamvis
973 2525 1049 2573 enirn
1069 2521 1116 2574 hic
1136 2519 1207 2573 valet
1228 2526 1422 2591 quantumvis,
1444 2537 1502 2573 nou

168 2613 345 2667 quamquam.
383 2598 480 2668 itaque
500 2597 590 2649 nullus
611 2598 658 2650 hic
677 2612 730 2660 cst,
755 2612 836 2666 quern
857 2600 1008 2661 somniant,
1028 2594 1219 2668 pleonasmus3
1243 2613 1331 2665 neque
1352 2597 1382 2647 itt
1402 2599 1502 2648 ceteris

169 2670 315 2744 exemplis,
333 2671 402 2741 quse
420 2666 607 2744 congessisti.¹
624 2670 762 2745 'Appulcii
778 2661 871 2729 loc'um
893 2675 934 2722 sic
950 2669 1104 2743 distingue:
1125 2671 1383 2742 Quamquam-etsi
1399 2669 1503 2720 distri-

170 2750 245 2798 etius
263 2764 307 2797 me
322 2746 445 2815 Magum
464 2748 601 2812 dixisset,
621 2755 720 2819 posset
733 2745 828 2798 videri
843 2745 1050 2800 exmaabttnela.
1090 2746 1145 2799 Ubi
1163 2746 1232 2799 ordo
1249 2763 1305 2799 est:
1328 2745 1503 2815 Quousqttam

164 2830 265 2894 posset
286 2820 379 2874 videri
400 2823 615 2886 excrucianda,
639 2828 695 2874 etti
715 2836 769 2876 cet.
813 2819 909 2892 Neque
931 2821 1065 2893 nitergo
1088 2838 1130 2874 est
1150 2822 1340 2875 Pleonssutus.
1379 2822 1412 2873 ln
1437 2821 1502 2873 loco

168 2897 319 2964 Varronis,
352 2897 451 2969 ltaque
476 2897 555 2961 ideo,
588 2913 631 2951 est
657 2903 750 2969 itaque
775 2895 811 2948 cb
834 2913 897 2947 eam
925 2914 1057 2958 ceresam,⁸
1093 2896 1170 2950 nullo
1195 2914 1306 2969 prorsus
1329 2894 1502 2968 pleonasmo.

167 2971 290 3028 Phaedri
313 2988 405 3026 autem
427 2972 506 3026 locus
529 2970 679 3027 mendosus
700 2988 758 3038 est,
783 2990 873 3044 neque
895 2989 929 3025 ex
947 2990 981 3026 eo
1004 2970 1152 3045 quidquam
1176 2977 1361 3044 argumentari
1386 2977 1500 3044 poteris.

168 3051 299 3104 Ceterum
319 3045 563 3102 buncieviculum
583 3066 705 3102 errorem
726 3045 834 3100 abunde
853 3064 919 3100 mox
938 3063 1102 3121 compensas
1120 3047 1185 3101 loco
1206 3044 1397 3101 iilo'ieiiciter
1420 3051 1503 3100 resti·

167 3138 246 3178 tnto:
272 3124 364 3195 Quum
385 3128 480 3176 omnia
501 3128 610 3176 sintin
631 3122 800 3178 Montius
819 3127 910 3187 viiia,
933 3123 1085 3176 iracundos
1102 3125 1178 3176 solos
1199 3120 1380 3176 Monosos
1404 3128 1500 3187 immi-

165 3208 327 3260 uaverunt,·
352 3214 422 3270 quae
445 3204 555 3273 egregia
577 3215 618 3253 est
639 3198 800 3252 emendatio
822 3212 851 3264 pt
874 3198 970 3271 plausu
993 3205 1119 3252 omnium
1143 3196 1315 3269 excipienda.

243 3275 324 3330 Car.
343 3275 449 3329 xxvt.
475 3275 510 3326 ln
532 3276 604 3327 itanc
625 3282 659 3327 tu
681 3279 783 3344 igitur,
811 3282 953 3344 tamquam
975 3280 1005 3326 in
1024 3292 1112 3338 mare,
1134 3272 1208 3344 quod
1226 3280 1269 3324 est
1291 3275 1386 3324 ventis
1403 3273 1499 3323 subie-

166 3359 258 3414 ctam,
278 3349 520 3421 perturbationem
539 3350 638 3402 cadere
658 3350 710 3402 tibi
731 3350 834 3402 dixisti
851 3349 978 3417 viderii]
1006 3349 1051 3401 ‘l’u
1069 3365 1133 3401 cum
1153 3350 1280 3401 Victotio
1301 3362 1328 3400 et
1349 3346 1499 3400 Gebhardo

164 3427 250 3478 lianc
270 3428 300 3477 in
323 3440 428 3478 textum
447 3423 586 3485 admittis,
611 3441 641 3479 ut
659 3424 794 3479 referetur
809 3425 842 3475 sti
860 3424 1050 3495 Sapientiam,
1074 3439 1143 3495 qnae
1158 3427 1284 3496 proxime
1301 3437 1498 3495 praecesserat.

166 3498 223 3554 Sed
245 3501 359 3554 omnino
381 3499 528 3572 legendum
553 3500 671 3567 HUNC,
696 3517 726 3554 ut
748 3498 900 3552 Lambinus
923 3513 952 3552 et
975 3495 1060 3551 Aldus
1083 3496 1235 3558 dederunt;
1261 3498 1421 3570 Sapientem
1444 3502 1499 3550 sci-

164 3575 249 3640 licet,
273 3573 309 3628 dc
325 3575 497 3647 quopsuiio
520 3590 584 3628 ante
606 3575 714 3629 locutus
738 3590 787 3628 est.
827 3575 888 3629 Hoc
908 3590 974 3627 sane
994 3570 1150 3645 efflagitant
1170 3578 1330 3645 sequanum
1358 3573 1410 3625 Cui
1430 3572 1501 3626 aiiii

164 3657 357 3723 repentinum,
380 3650 456 3721 praed
474 3649 580 3703 lsnmini
597 3656 710 3702 evenire
725 3658 830 3721 potest.
859 3651 970 3721 Quippe
990 3654 1106 3702 omnino
1128 3648 1161 3700 sd
1181 3648 1342 3720 Sapientem
1362 3663 1499 3721 spectant,

122 3769 128 3776 .
163 3745 225 3781 nou
248 3726 282 3779 ad
305 3727 489 3800 Sapipntiam.
528 3724 739 3789 sedelocum,
763 3723 901 3798 adquem
925 3723 1022 3778 alludit
1046 3726 1092 3778 hio
1113 3726 1230 3790 Cicero,
1266 3723 1379 3777 Tuscul.
1400 3724 1448 3788 iv,
1470 3725 1497 3779 1.

162 3802 233 3855 Non
255 3800 323 3854 miii
343 3802 457 3853 videtur
479 3806 555 3853 omni
578 3806 666 3853 animi*
683 3793 898 3874 perturbatione
916 3818 1000 3870 posse
1020 3800 1185 3853 SAPIENS
1206 3817 1321 3854 vacare.
1363 3861 1365 3866 Ι
1433 3849 1438 3868 κ

240 3875 330 3930 ibid
357 3877 434 3946 Quid
456 3875 515 3943 est,
549 3876 624 3948 quod
646 3884 760 3928 tantam
786 3880 965 3944 gravitatem
990 3882 1232 3948 constantiamque
1255 3873 1423 3946 perturbet?
1459 3887 1499 3924 aa

162 3957 347 4024 improvisum
366 3951 471 4025 aliquid
490 3961 543 4004 aret
561 3952 755 4021 repentinum?
779 3950 846 4019 quid
860 3959 956 4022 potest
974 3950 1100 4003 accidere
1120 3950 1190 4016 tale,
1218 3965 1245 4003 et
1266 3954 1310 4001 cui
1334 3946 1405 4001 nihil
1424 3944 1499 4016 quod

161 4027 271 4080 homini
295 4034 408 4079 evenire
429 4028 554 4100 possiti]
581 4028 624 4080 lta
646 4023 756 4079 codices
785 4024 907 4097 plerique
932 4025 1065 4097 habent„
1081 4043 1165 4080 sensu
1193 4040 1239 4078 aut
1268 4022 1420 4095 impedito,
1449 4035 1497 4073 ant

160 4103 257 4158 nulio:
280 4120 311 4157 ut
328 4119 358 4157 tu
374 4122 449 4157 recte
470 4106 580 4157 vidisti:
604 4106 759 4162 recentiora
778 4100 945 4174 exemplaris
966 4098 1070 4155 addunt
1090 4100 1221 4165 sttbittan,
1245 4116 1292 4152 aut
1312 4117 1345 4150 ne
1361 4114 1497 4167 praeme-

162 4178 293 4232 ditatum.
328 4179 382 4233 Sed
400 4180 468 4234 haec
489 4178 523 4230 ab
543 4176 788 4249 interpolatoribns
809 4192 882 4240 sunt.
917 4175 1052 4246 Equidem
1072 4180 1201 4229 existimo
1223 4193 1266 4228 me
1286 4189 1377 4226 veram
1397 4172 1497 4226 lectio-

160 4255 227 4308 nem
248 4257 365 4314 eruis=e;
397 4271 466 4326 quae
490 4260 532 4306 sic
555 4270 584 4306 se
607 4251 706 4305 habet:
733 4254 782 4303 An
802 4251 989 4322 improvisum
1014 4261 1064 4302 aut
1090 4255 1263 4322 repentinum
1285 4248 1496 4322 quid'accitssre

157 4339 256 4401 potest
277 4334 302 4380 ei
308 4349 319 4389 ‚·
353 4335 398 4382 cul
419 4327 491 4383 nilsil
510 4329 586 4400 tale,
621 4326 696 4399 prend
716 4325 821 4380 innunt
842 4332 955 4380 evenire
976 4327 1090 4396 possit?
1125 4333 1207 4381 Certe
1230 4331 1256 4378 ei
1282 4341 1333 4397 pro
1359 4331 1387 4376 e't
1412 4327 1495 4377 ettam

161 4402 274 4458 codites
298 4419 324 4456 et
345 4409 451 4477 priores
473 4406 610 4457 editiones
634 4418 796 4477 agnoscunt.
836 4399 961 4471 Aliquid
975 4400 1066 4456 abiis
1090 4395 1214 4454 additum
1238 4416 1297 4463 cst,
1322 4404 1368 4470 qui
1393 4415 1497 4469 repen-

161 4485 252 4532 tinum
272 4478 339 4551 quid
358 4480 429 4533 male
449 4478 651 4536 intellexerant,
689 4477 764 4531 Tota
783 4494 846 4532 veto
862 4480 1006 4529 sententia
1023 4473 1126 4546 quanto
1148 4483 1203 4528 ism
1224 4476 1370 4528 rotundior
1387 4489 1445 4538 cst,
1468 4489 1495 4526 et

159 4559 354 4620 numerosior,
386 4571 413 4609 et
436 4554 612 4626 castigatior!
648 4554 736 4607 Porro
763 4556 793 4605 in
818 4551 908 4605 verbis
937 4556 1071 4605 contiuuo
1095 4547 1288 4624 sequentibus:
1318 4551 1396 4602 Nam
1422 4547 1497 4618 pund

160 4635 244 4683 aittnt
274 4633 362 4681 nimia
393 4636 518 4683 resecari
545 4637 675 4703 oportere
683 4649 693 4689 ;
732 4632 785 4685 etsi
809 4624 875 4680 ferti
895 4630 943 4679 'sic
968 4643 1103 4699 possunt,
1138 4627 1233 4680 malim
1267 4642 1376 4693 tamen,
1415 4623 1497 4676 IAM

178 4705 235 4758 aod
256 4711 347 4757 aiunt.

159 4726 178 4778 q
238 4780 318 4834 Cur.
339 4779 460 4834 XXVH.
488 4779 591 4831 Utrum
610 4777 714 4830 illudne
734 4795 789 4830 non
807 4776 939 4830 videatur
959 4794 1046 4845 aegre
1056 4773 1228 4847 streniam,
1257 4793 1295 4828 ex
1319 4792 1372 4843 quo
1396 4791 1494 4826 susce-

156 4864 213 4929 pta
235 4861 275 4907 sit
296 4853 465 4922 aegritudo,-
499 4873 538 4905 att
560 4849 681 4906 omnitt'm
708 4852 834 4904 tollenda
863 4856 976 4903 omnino
1003 4850 1188 4922 aegriitulci]
1214 4852 1354 4903 Victorius
1379 4866 1404 4902 ct
1430 4866 1493 4901 tuus

160 4930 249 4986 codes
274 4930 378 4983 illtsdnc
406 4929 550 4984 videatur.
596 4928 682 4984 Aldus
712 4927 783 4979 illud
814 4945 869 4982 noa
902 4926 1044 4980 videatur.
1090 4924 1248 4999 Lagentium
1275 4929 1331 4977 ism
1355 4925 1493 4980 videram:

415 5211 426 5240 q
837 5197 843 5224 1
