3384 5359
201 265 279 334 '322
731 208 1030 338 HliTTlNGERI

212 411 352 475 Rectius,
370 410 405 465 v,
416 407 454 463 cl.
474 412 506 463 lu
525 410 678 465 Commeat.
698 407 781 466 aad.
800 405 835 464 de
853 416 1003 474 tuterpret.
1023 420 1095 466 vett.
1114 416 1226 484 scripit.
1244 430 1273 485 p.
1285 412 1416 468 lxxiv,
1441 412 1542 466 Emen-

213 479 300 539 dandi
320 498 417 539 causae
437 499 466 538 et
486 490 624 542 rationem
649 483 758 558 plenius
778 491 892 560 exposui
918 492 949 539 in
967 487 1017 540 der
1035 485 1193 540 Bibliothelr
1210 487 1261 539 der
1280 495 1414 540 neuesten
1432 485 1542 540 theolo-

213 560 345 634 gisem,
361 559 603 632 pbilosoples'sclten
621 562 681 612 und
697 561 817 616 scirtiuen
834 563 998 616 Litteratur
1016 562 1080 617 Vol.
1102 564 1155 617 lli.
1175 563 1258 616 Tem.
1278 564 1318 629 11,
1340 580 1369 635 p.
1384 566 1451 623 556.
1466 581 1524 636 seq.

289 638 412 705 (Ernesti
425 638 549 709 gesteht,
567 637 626 692 dtis
640 655 671 689 cr
688 636 778 691 dieses
798 638 879 692 nicht
897 638 1039 705 veretebe,
1056 637 1114 692 und
1133 637 1192 691 hilt
1211 636 1256 690 die
1269 636 1355 704 stelle
1374 636 1422 691 iur
1433 638 1543 691 terdor-

213 712 278 778 hen.
304 712 364 784 Ego
383 727 483 765 eanum
502 731 562 768 csse
582 710 682 779 credo,
700 728 761 785 sagt
780 715 851 767 Herr
870 709 1002 767 scheller.
1039 713 1171 780 Comma,
1193 711 1268 785 quod
1287 712 1412 768 inlidit.
1432 715 1541 767 Ernest.

212 805 276 861 post
295 786 368 838 railtil
384 792 422 839 sit
441 803 497 853 eet,
518 786 681 842 delendum:
701 786 800 841 deinde
820 788 894 840 nihil
909 807 966 841 non
986 793 1006 844 i.
1027 807 1053 842 e.
1071 807 1160 841 omne.
1187 788 1269 841 Certe
1283 792 1301 841 i.
1316 807 1342 841 e.
1356 798 1452 852 certo,
1467 806 1541 859 pro-

207 863 303 937 fecto.
341 862 456 917 Sensus:
479 879 587 918 tanturn
607 863 700 930 abest,
725 864 1047 929 armamentorum,
1072 879 1103 919 ut
1121 867 1216 917 verear
1235 868 1373 935 (potius),
1398 882 1432 916 ne
1453 868 1540 916 omnis

213 940 268 992 alia
289 956 331 992 res
351 942 387 993 ait
406 936 531 1012 prolecto
551 939 672 1003 malum,
692 937 741 991 sed
761 939 835 992 nulia
856 940 910 992 alia
930 958 973 993 res
993 944 1030 993 sit
1043 940 1152 993 homini
1171 943 1263 1012 potius
1276 939 1360 992 hona.
1399 937 1474 1008 Quid
1486 939 1542 991 cia·

211 1017 291 1070 riuai
329 1015 406 1068 Dicis
425 1013 506 1069 sollte
524 1015 586 1068 klar
605 1016 693 1086 sepul
730 1014 823 1072 Wohl
842 1019 879 1068 iet
899 1034 950 1069 uua
969 1014 1022 1068 viel
1042 1015 1150 1081 klarer‚
1173 1012 1233 1067 dtis
1261 1015 1331 1067 Hert
1351 1013 1474 1067 Scheller
1492 1011 1544 1068 den

212 1092 313 1146 Cicero
333 1106 417 1145 etwas
437 1092 502 1144 sehr
520 1089 733 1144 Entbcbrliches
752 1106 836 1162 sagon
855 1090 930 1145 liitt.
969 1090 1069 1148 Wenn
1094 1089 1154 1163 jede
1179 1088 1278 1143 andere
1305 1089 1392 1142 Sache
1414 1089 1479 1141 einer
1497 1095 1540 1140 ein

159 1183 169 1206 ι
213 1166 300 1218 Uebei
316 1170 355 1217 ist
374 1167 418 1217 als
436 1164 487 1216 der
506 1166 586 1232 Tot,
607 1183 639 1219 so
658 1168 696 1218 ist
716 1182 744 1218 es
758 1165 899 1220 wohlvon
914 1164 1090 1232 sciuntur,
1110 1165 1168 1219 dass
1182 1166 1253 1218 auch
1265 1168 1345 1216 lreine
1357 1164 1540 1216 andreSache

212 1241 279 1293 eiter
298 1246 343 1292 ein
362 1241 421 1292 Gut
438 1257 499 1313 say.
538 1243 668 1303 Gestat,
695 1242 741 1293 ich
767 1241 844 1294 bitte
874 1240 976 1294 einmal
994 1257 1105 1313 gesagt:
1130 1250 1213 1293 unter
1237 1241 1311 1292 aileu
1331 1240 1468 1292 Schulern
1485 1258 1540 1292 von

125 1373 127 1380 Α
212 1317 330 1369 Ernesti
348 1314 400 1368 leat
418 1314 476 1368 idm
493 1319 588 1369 lreiner
607 1322 702 1367 seinen
722 1315 887 1368 Unterricltt
911 1315 1065 1369 schleclster
1087 1316 1216 1383 belom,
1241 1317 1286 1367 ais
1304 1316 1384 1367 Herr
1401 1314 1541 1374 Seioua,-

211 1391 334 1445 brauche
353 1392 399 1445 ich
418 1388 492 1444 dann
510 1393 581 1446 noch
602 1392 835 1457 hinzuzusetzen,
855 1391 923 1444 aber
935 1391 1025 1461 jeder
1042 1392 1148 1444 andere
1167 1392 1279 1444 beeseri
1316 1388 1381 1444 Und
1395 1409 1453 1442 nun
1473 1391 1538 1442 horo

211 1484 295 1533 man,
325 1471 378 1519 wie
403 1468 492 1520 Herrn
512 1467 650 1522 Schellers
670 1472 765 1541 eigene
786 1467 994 1539 Uehersetzaug
1011 1485 1065 1521 von
1085 1467 1174 1521 dieser
1195 1466 1278 1521 Stelle
1297 1465 1388 1537 kliogt
1408 1464 1540 1540 (Voreede

214 1562 250 1597 zu
268 1543 301 1596 i..
323 1541 352 1596 S.
372 1543 466 1609 XV.):
486 1542 550 1596 Der
568 1542 634 1596 Tot
650 1549 690 1595 ist
707 1562 741 1595 so
759 1548 853 1612 menig
871 1548 916 1595 ein
937 1542 1036 1611 Uebel,
1064 1540 1135 1617 dass
1161 1540 1204 1600 inlr
1225 1542 1358 1609 decerpe,
1385 1559 1417 1593 es
1435 1539 1540 1592 motin

204 1617 266 1691 fiir
284 1617 339 1669 den
357 1618 512 1670 Menschen
529 1615 638 1694 genitss
652 1618 724 1688 jede
743 1617 848 1670 andere
866 1617 956 1671 Saclte
973 1616 1040 1669 elter
1057 1624 1102 1671 eiu
1123 1617 1210 1671 Uebel
1229 1617 1310 1683 (oder
1329 1621 1376 1667 cin
1393 1613 1542 1691 grosseres

212 1691 328 1767 vaiet),
354 1693 424 1745 aber
447 1696 511 1746 irein
535 1691 688 1821 grppseres
713 1695 770 1746 Gut
793 1711 876 1766 seyn.
916 1697 970 1747 Die
998 1694 1257 1766 eingeschlosseuen
1275 1694 1379 1749 Worte
1398 1692 1538 1745 euthaiteo

211 1770 288 1824 noch
307 1767 378 1821 oben
399 1765 478 1823 drein
497 1774 559 1823 eine
598 1770 662 1823 erbe
681 1770 912 1842 Ungereimtheis.
950 1768 1007 1821 Der
1032 1770 1209 1843 Comparatio
1232 1766 1307 1839 gicht
1332 1785 1383 1831 zo,
1411 1765 1470 1821 dtis
1495 1765 1540 1818 der

212 1843 276 1899 Tod
295 1841 343 1897 das
363 1846 484 1897 kleinere
505 1844 591 1897 Ueiel
607 1863 668 1919 ιαμ
688 1843 746 1898 und
765 1848 802 1898 ist
821 1862 852 1899 er
870 1846 975 1910 dieses,
993 1861 1026 1898 so
1042 1844 1116 1897 kann
1131 1863 1161 1897 er
1172 1841 1245 1897 doch
1257 1840 1350 1895 weder
1361 1839 1411 1896 dat
1424 1838 1539 1912 groseto

211 1920 289 1988 Gut,
310 1919 384 1974 noch
404 1920 558 1993 uberhaupt
576 1924 623 1973 ein
641 1921 701 1973 Gut
720 1937 797 1993 seyu.
815 1950 852 1964 -
889 1920 983 1972 Damit
1002 1922 1055 1973 wir
1074 1917 1185 1973 endlich
1206 1919 1276 1971 auch
1296 1935 1393 1971 uncere
1408 1919 1541 1989 bleinong

211 2011 267 2049 von
286 1993 379 2048 dieser
397 1996 482 2051 Stella
501 2010 602 2066 eugen,
620 2012 651 2049 so
671 1995 766 2049 halten
784 2000 838 2048 rrir
857 1992 1005 2067 allerdingt
1025 1999 1078 2049 mit
1096 1995 1208 2049 Ernesti
1227 1990 1324 2060 deine,
1343 1990 1403 2047 daie
1422 1999 1464 2046 sie
1484 2010 1540 2044 rer·

212 2067 321 2124 derben
345 2068 403 2143 ιο).
443 2071 533 2125 Allein
559 2074 612 2123 uir
637 2071 755 2143 glauben
781 2075 822 2124 sie
848 2070 1008 2142 hergestelit
1037 2088 1071 2123 zu
1093 2069 1200 2136 haben,
1229 2086 1311 2121 menn
1329 2073 1382 2121 wir
1401 2085 1433 2121 so
1452 2071 1540 2122 lesen:

212 2154 326 2199 tantum
344 2154 439 2199 autem
456 2146 537 2200 abest
554 2145 591 2197 ab
609 2164 660 2212 eo,
688 2154 722 2197 ut
739 2147 842 2198 malum
861 2162 938 2197 mors
955 2150 1011 2212 sit,
1040 2143 1115 2216 quod
1132 2146 1187 2197 tibi
1205 2143 1307 2196 &salum
1325 2143 1492 2212 videbatur,
1509 2149 1540 2193 at

211 2239 332 2286 verear,
352 2239 386 2273 ne
403 2220 510 2274 homini
527 2220 601 2273 nilrt'l
615 2226 656 2273 sit
674 2240 730 2274 non
749 2222 853 2273 maltam
871 2219 968 2285 aliud,
987 2230 1063 2273 certe
1081 2219 1156 2272 nihil
1164 2220 1265 2272 bonum
1276 2218 1358 2270 aliud
1371 2224 1477 2291 potius.
1503 2218 1540 2270 So

211 2294 282 2366 feru
301 2301 341 2349 t'st
359 2314 404 2362 es,
429 2294 502 2372 dass
519 2297 570 2349 der
589 2296 666 2364 Tot,
691 2302 742 2349 tuie
761 2295 800 2348 du
816 2293 920 2347 vorlu'n
940 2294 1118 2362 meminere,
1145 2300 1190 2347 ein
1211 2294 1296 2346 Uehei
1311 2312 1375 2366 sey,
1408 2291 1481 2368 dass
1497 2289 1539 2345 ἱιΙι

212 2378 251 2425 im
269 2371 438 2441 Gegentlteil
446 2371 587 2442 flironte,
612 2390 644 2424 er
662 2370 771 2424 otochte
796 2370 871 2423 molal
897 2370 952 2422 das
970 2376 1079 2441 eineige
1098 2399 1137 2414 -
1158 2375 1329 2438 avenigstens
1353 2368 1408 2421 das
1425 2365 1541 2444 grosste

213 2448 272 2501 Gut
290 2466 371 2520 seyn.
408 2448 508 2501 Dieeer
528 2448 599 2501 Sinn
617 2451 673 2515 ist,
700 2452 754 2500 wie
781 2451 834 2498 wir
856 2445 994 2519 glauben,
1021 2447 1172 2501 nichtnur
1191 2446 1254 2499 sehr
1275 2445 1469 2516 ungekt'ursteit
1487 2439 1539 2496 und

213 2520 358 2588 ulerunt,
376 2520 499 2577 sondern
518 2542 548 2576 cr
566 2521 637 2576 wird
657 2524 729 2576 auch
743 2520 831 2575 durch
844 2521 909 2587 dat,
927 2538 984 2575 was
998 2524 1097 2576 Cicero
1110 2526 1149 2574 int
1164 2519 1291 2592 Veriolge
1304 2535 1383 2593 rapt,
1402 2519 1540 2590 bestitigt.

212 2598 283 2653 Man
303 2598 368 2650 cehe
387 2614 474 2652 unten
493 2599 562 2671 Cap.
583 2600 631 2655 ti.
653 2617 711 2669 seq.
731 2595 775 2650 die
796 2596 971 2651 reduerische
983 2598 1180 2651 Deklamation
1200 2594 1351 2669 gegeuden
1365 2596 1472 2653 Wertb
1485 2592 1539 2646 die-

213 2691 258 2727 ses
278 2673 402 2740 uehens,
421 2691 468 2725 wo
486 2692 515 2727 es
536 2674 633 2726 heisat:
653 2672 789 2726 discessus
810 2671 845 2724 ab
858 2671 988 2725 omnibns
1002 2678 1054 2739 iis,
1075 2688 1144 2745 quae
1157 2688 1221 2725 sunt
1234 2670 1307 2723 hona
1322 2676 1351 2723 in
1365 2674 1432 2725 uita.
1464 2669 1539 2732 Vide,

214 2741 250 2803 ne
270 2747 386 2801 amalis
406 2752 497 2804 uerius
523 2747 579 2801 dici
599 2753 697 2821 possit.
735 2746 811 2817 Quid
836 2766 888 2821 ego
906 2764 981 2800 nunc
1005 2747 1114 2822 lugeam
1132 2751 1219 2801 vitam
1239 2747 1404 2799 hominum?
1434 2762 1496 2798 vere
1513 2759 1540 2796 et

211 2829 273 2878 iore
292 2839 406 2897 possum
425 2840 479 2878 etc.
517 2822 627 2878 Ebeneo
649 2824 779 2897 Capit.
797 2823 842 2877 bit
864 2840 927 2876 zum
946 2817 1034 2879 Ende.
1062 2824 1115 2878 Die
1128 2820 1323 2895 Verinderung
1335 2820 1422 2874 selbst
1434 2825 1470 2873 ist
1483 2819 1543 2873 sehr

214 2900 319 2965 leicht,
338 2898 432 2952 indem
452 2904 492 2954 eie
512 2899 718 2974 griiistentheils
738 2918 790 2952 nur
809 2898 855 2952 die
874 2900 1090 2971 interpuuktion
1105 2897 1227 2962 beerith,
1248 2895 1303 2949 und
1318 2898 1397 2949 mehr
1410 2896 1490 2950 nicht
1502 2894 1539 2947 ais

214 2981 261 3030 ein
274 2980 396 3047 einaiges
409 2974 570 3032 Wiirtchen
583 2991 632 3028 aus
645 2972 708 3028 dem
722 2975 794 3029 Text
809 2971 907 3039 ttbist,
928 2990 982 3027 von
994 2975 1128 3028 nelchem
1142 2974 1203 3026 sich
1215 2971 1302 3025 leicht
1315 2970 1455 3044 hegreiien
1468 2970 1538 3034 liius,

211 3055 266 3105 wie
285 3068 314 3104 et
334 3050 404 3104 hehe
425 3051 655 3119 hincinkommen
676 3052 798 3104 kbouen.
838 3051 920 3103 Denn
939 3050 991 3102 sed
1006 3055 1042 3105 ist
1062 3049 1134 3103 ohue
1153 3045 1269 3102 Zweiiei
1288 3045 1335 3099 das
1349 3043 1540 3101 Eioschiehsei

212 3132 288 3180 eines
311 3126 462 3202 (lopiano,
492 3126 628 3180 welchem
649 3123 697 3179 dat
718 3123 942 3198 vorhergebende
963 3143 1021 3178 nou
1043 3130 1126 3179 elnen
1146 3124 1302 3197 Gegensatz
1323 3142 1357 3176 eu
1379 3122 1541 3175 erhcischen

210 3198 365 3331 ‘cheddo
387 3277 509 3332 XXXV.
547 3275 632 3347 Quod
651 3280 677 3328 si
695 3283 762 3327 ante
781 3274 946 3341 occidisset,
975 3283 1072 3328 tamen
1092 3269 1222 3328 euentum
1244 3277 1356 3325 omnino
1380 3273 1539 3338 amisisset]

211 3352 287 3407 liene
307 3353 442 3404 Heurlous
462 3349 636 3425 Stephanus,
665 3355 717 3404 etsi
741 3349 1084 3423 improbanteErnestio,
1102 3349 1269 3404 emendavit:
1299 3349 1386 3400 tatem
1403 3355 1539 3398 eventum.

212 3425 268 3481 sed
280 3442 308 3480 et
322 3426 434 3480 verbum
446 3433 588 3480 amisisset
601 3426 684 3481 cubat
698 3429 728 3478 iu
740 3423 852 3478 mendo.
880 3428 936 3482 Pro
950 3443 1003 3498 qno
1017 3427 1166 3479 Buhierins
1179 3425 1288 3498 legens,
1306 3423 1349 3475 vel
1362 3427 1475 3474 omnino
1487 3437 1540 3472 nors

210 3501 351 3566 vidisset,
372 3501 414 3555 uel
433 3508 544 3555 omnino
563 3507 734 3566 amovisset,
754 3517 869 3573 operam
888 3517 954 3554 sane
973 3503 1049 3557 lusit.
1090 3503 1164 3556 Mihi
1179 3517 1243 3555 veto
1257 3506 1296 3552 ita
1308 3496 1454 3570 legendum
1468 3495 1539 3550 vide·

170 3575 175 3588 “
212 3592 273 3632 tur:
295 3576 381 3629 talem
398 3585 528 3630 eventum
547 3584 658 3630 omru‘no
678 3594 735 3629 non
748 3575 901 3631 babteisset.
939 3575 1079 3631 Particula
1100 3592 1202 3649 negans
1222 3575 1302 3628 facile
1320 3574 1467 3644 absumpta
1489 3570 1539 3625 luit

210 3667 351 3728 postrema
365 3649 468 3725 syllaba
483 3658 575 3718 vocis,
594 3657 714 3705 omnino.
752 3651 954 3706 Emendatione
968 3668 1079 3706 nostrae
1093 3649 1184 3705 favere
1197 3648 1305 3703 videtur
1318 3649 1397 3701 locus
1418 3649 1484 3700 huic
1496 3664 1540 3718 ge-

210 3735 320 3795 minus,
338 3726 372 3780 de
386 3730 479 3782 Diviu.
493 3729 538 3793 ll,
558 3732 585 3785 9.
613 3730 691 3798 Quae
703 3731 775 3779 enim
788 3725 971 3798 vitafut'sset
986 3727 1119 3793 Priamo,
1140 3732 1166 3778 si
1181 3726 1217 3778 ab
1229 3725 1420 3777 adolescentia
1432 3728 1539 3790 scisset,

210 3823 280 3877 puos
292 3811 408 3860 eventus
419 3809 571 3855 senectutis
584 3812 658 3856 esset
670 3801 837 3854 traditurus?

286 3880 375 3933 loto.
417 3879 554 3931 Coronati
571 3879 757 3950 Neapolitani
768 3875 911 3948 flurwtt:
935 3881 1067 3928 nimirum
1089 3880 1176 3930 etiam
1201 3874 1371 3928 Puteolani:
1395 3874 1484 3941 arrigo
1503 3891 1539 3924 ert

211 3955 320 4026 oppidis
329 3954 440 4027 publice
451 3953 682 4022 gratedobantur.
719 3952 848 4023 Ineptum
865 3971 933 4005 sane
952 3957 1114 4021 negotium,
1133 3960 1162 4004 et
1175 3951 1359 4010 Graeculum
1377 3949 1429 4000 sed
1447 3959 1540 4001 tornea

202 4029 414 4102 sortientium]
451 4030 553 4085 Nescio
572 4026 713 4101 quomodo
732 4025 862 4101 displicet
880 4034 1024 4097 negotium
1036 4026 1236 4098 fortrtnetum.
1276 4024 1358 4095 Quod
1377 4040 1408 4077 ut
1430 4022 1538 4077 facilem

213 4104 312 4159 haheat
332 4105 522 4172 intellectum,
551 4103 645 4160 tamen
669 4121 726 4157 non
750 4108 838 4175 magis
864 4102 973 4159 dicendi
997 4108 1160 4175 magistrum
1179 4099 1281 4154 referre
1300 4099 1423 4166 videtur,
1458 4115 1540 4171 quant

212 4197 294 4244 eum,
314 4185 361 4253 qni
383 4179 465 4235 rerba
487 4186 642 4234 tententiae
660 4177 910 4253 quomodocunque
929 4183 1072 4251 aptaverit.
1112 4181 1207 4248 ltaque
1225 4173 1400 4256 recidendam
1420 4191 1487 4247 puto
1501 4174 1540 4226 ul·

212 4262 313 4311 timum
331 4272 444 4321 vocem,
464 4272 673 4329 sennonemque
697 4260 738 4308 ita
757 4253 924 4308 finiendum:
943 4259 1066 4326 ineptum
1078 4271 1146 4305 sane
1158 4257 1303 4319 negotium
1316 4260 1344 4303 et
1355 4250 1539 4308 Graeculum,-

210 4331 263 4385 sed
274 4334 391 4384 tamen!
429 4330 510 4385 Unde
528 4348 658 4394 noscatur
678 4335 847 4403 aposiopesis
868 4331 971 4405 oppido
992 4328 1101 4401 elegans
1122 4345 1149 4383 et
1166 4329 1283 4390 eiiicax,
1304 4344 1334 4380 ut
1349 4342 1433 4396 quum
1456 4326 1540 4377 Frao-

214 4405 315 4480 cogaiii
336 4405 451 4461 dicunt:
477 4413 550 4459 mais
571 4406 669 4480 enfin!
689 4409 736 4461 Sic
755 4422 850 4459 noster
868 4404 902 4459 de
925 4407 989 4459 Nat.
1009 4405 1085 4458 deor.
1105 4405 1134 4470 Ι,
1153 4409 1199 4464 53.
1226 4401 1331 4454 Istisne
1341 4399 1465 4469 fidentes
1488 4417 1539 4451 so-

213 4486 297 4534 mniis
321 4499 377 4533 non
402 4482 483 4535 modo
502 4482 640 4554 Epicurus
667 4491 697 4535 et
721 4480 909 4534 Metrodorus
938 4487 968 4531 et
991 4478 1183 4532 Hermarchus
1201 4487 1303 4530 contra
1322 4474 1537 4549 Pythagoram,

211 4560 359 4612 Platonem
377 4557 621 4629 Empedoclemque
639 4552 792 4621 dixerunt,
818 4555 869 4607 sed
883 4556 1061 4607 meretricula
1074 4558 1161 4605 etiam
1174 4553 1320 4630 leontium
1331 4559 1435 4603 contra
1444 4550 1538 4602 Theo-

207 4634 358 4708 phrastum
376 4634 498 4684 scribere
517 4651 589 4684 ausa
607 4633 667 4684 sit?
703 4632 783 4684 Scito
801 4631 853 4682 ilia
875 4629 984 4702 peridem
1002 4647 1130 4682 sermone
1150 4637 1178 4680 et
1197 4631 1313 4693 Attico,
1331 4626 1383 4678 secl
1394 4630 1511 4678 tamen!

287 4712 366 4763 Car.
387 4708 519 4762 xxxvl.
556 4707 615 4759 Sed
632 4725 666 4759 ne
684 4711 771 4759 vivus
789 4706 899 4775 quidem
917 4706 989 4757 bono
1008 4713 1102 4768 caret,
1123 4708 1149 4755 si
1167 4723 1199 4758 eo
1217 4722 1272 4756 non
1291 4702 1417 4771 indiget:
1439 4700 1491 4753 sed
1509 4705 1539 4753 iu

210 4789 279 4838 vivo
299 4793 393 4836 tamen
411 4784 537 4852 intelligi
550 4791 777 4852 potest,rregno
790 4784 910 4850 carere]
949 4783 1089 4836 Posterius
1109 4778 1178 4845 sed,
1198 4778 1347 4833 admodum
1369 4781 1538 4832 inconcinne

212 4865 379 4933 repetitum,
398 4856 597 4913 eliminandum
603 4855 739 4924 uidetur,
758 4871 791 4911 nt
803 4874 836 4910 ex
848 4872 989 4930 postrema
1001 4855 1106 4930 syllaba
1119 4846 1311 4930 praecedentis
1322 4853 1400 4910 verbi
1412 4866 1519 4908 natum.
