3384 5359
190 287 232 350 aa
444 239 833 364 'l'USCULANARUilI
866 287 1261 367 DISPUTATIONUM

193 430 361 517 quidquam
374 437 398 510 ¹,
411 434 558 520 ,inquit²,
584 438 623 518 ad
645 438 736 502 beate
758 431 884 525 quidem
897 429 1101 519 tuirandum,
1140 443 1227 525 qnod
1248 442 1350 506 estin
1371 463 1434 507 una
1455 445 1523 507 vir·

190 527 438 609 tutepositum:
463 532 519 592 sed
539 541 589 592 est
609 534 736 595 tamen³
757 531 975 599 reiiciendum.
1021 532 1115 600 Cur?
1138 536 1298 618 Asperum
1319 547 1385 611 est,
1409 551 1524 603 eontra

102 651 111 662 ¹
190 632 351 696 naturam,
376 621 500 685 difficile
521 644 695 707 perpessu,
718 627 831 705 triste,
856 623 981 692 diarum.
1148 643 1151 648 ’

274 715 377 782 XIII.
408 717 463 780 30.
495 720 588 782 Ha'ee
617 730 665 783 est
692 719 786 802 eopia
815 717 1027 801 verberant,
1065 725 1153 809 quod
1181 743 1291 787 omues
1324 743 1388 788 uno
1418 727 1523 792 verbo

190 811 305 885 malum
330 811 542 895 appellamus,
578 812 608 876 id
630 824 680 877 tot
700 813 803 879 modis
825 837 924 899 posse
948 816 1068 881 dicere.
1128 817 1253 881 Delinis
1275 829 1310 890 tu
1332 816 1424 894 mihi,
1457 839 1524 884 non

188 906 277 971 tollis
297 906 460 979 dolorem,
485 919 592 990 ‘quum
615 906 693 971 dieis
715 929 879 991 asperum,
914 922 1028 975 contra
1049 924 1213 988 naturam,
1254 912 1309 975 vix
1331 914 1420 996 quod
1439 912 1523 977 ferri

190 998 385 1084 tolerarique
413 999 533 1082 possit;
567 1019 626 1063 nee
654 1002 814 1067 mentiris:
852 1008 908 1068 sed
928 1026 967 1070 re
1000 1010 1211 1084 succumbere
1239 1028 1305 1070 non
1327 1010 1519 1089 oportebat,

191 1094 298 1156 verbis
321 1093 530 1177 gloriantem,
555 1096 629 1157 dum
651 1094 727 1158 nihil
750 1098 912 1175 honum⁵‚
950 1099 1010 1163 nisi
1036 1102 1123 1185 quod
1145 1099 1432 1175 honestum3·-nihil
1454 1101 1522 1163 ula·

191 1187 274 1262 lum,
299 1186 358 1249 nisi
379 1190 467 1272 quod
487 1199 595 1270 turpe.
656 1189 802 1271 Optare⁶
823 1192 889 1255 hoc
912 1193 1038 1277 quidem
1061 1203 1128 1269 est,
1162 1214 1226 1257 non
1249 1195 1380 1257 docere.
1437 1194 1522 1257 Illud

190 1294 221 1345 et
243 1280 375 1357 melius,
407 1293 439 1344 et
461 1281 592 1363 veritus
618 1283 741 1359 omnia,
770 1307 855 1369 quae
886 1297 998 1350 natura
1020 1287 1251 1370 aspernetur-⁷,
1265 1285 1297 1349 in
1319 1287 1410 1350 malis
1432 1305 1520 1362 esse3

190 1397 272 1460 quae
294 1374 495 1452 adsencat⁸,·
522 1376 690 1456 inbonis.
749 1380 824 1443 Hoc
853 1379 980 1464 posito,
1021 1393 1055 1452 et
1081 1383 1255 1445 verborum
1282 1380 1523 1446 concertatione

189 1470 334 1543 eathlata,
373 1481 491 1534 tantum
519 1481 622 1556 pumen
644 1472 799 1536 excellet⁹
821 1474 917 1550 illud,
956 1477 1045 1561 qarod
1065 1485 1154 1538 recte
1176 1474 1395 1557 amplexantur
1416 1475 1517 1552 istie.

191 1565 279 1646 quod
300 1565 487 1640 honestum,
513 1568 602 1651 quod
623 1578 766 1643 rectum,
791 1569 879 1652 quod
901 1569 1053 1632 decorum
1077 1568 1292 1651 appellamus,
1324 1569 1414 1653 quod
1435 1567 1520 1631 idem

192 1657 350 1721 interdum
372 1659 500 1722 virtutis
522 1660 648 1723 nomine
670 1662 908 1743 amplectimur,
933 1674 968 1726 ut
991 1662 1094 1727 onmia
1116 1672 1302 1744 praeterea,
1330 1683 1412 1747 quae
1434 1664 1520 1725 bona

194 1754 344 1833 corporis,
382 1765 415 1816 et
449 1753 600 1818 forlttnae
636 1766 806 1838 putantur,
851 1756 1033 1842 perexigua
1072 1767 1105 1820 et
1135 1756 1256 1818 minuta
1267 1757 1291 1794 ¹¹
1334 1756 1519 1829 videantur;

191 1847 265 1907 ne¹²
295 1847 409 1910 malum
438 1848 565 1932 quidem
594 1848 710 1926 nilum,
748 1869 826 1926 uec,
861 1850 888 1913 si
915 1848 947 1912 in
977 1850 1243 1914 unumlocum¹³
1274 1850 1391 1913 collata
1413 1847 1521 1914 omnia

191 1939 300 2017 sinte,
325 1943 396 2005 cum
418 1941 621 2025 turpitudinis
642 1937 727 2008 'malo
750 1947 964 2026 comparanda
973 1946 1013 2008 ¹⁶.
1057 1945 1111 2008 31.
1136 1945 1244 2026 Quare
1266 1943 1311 2019 si,
1335 1956 1371 2007 ut
1391 1942 1520 2006 initio¹⁶

190 2032 397 2111 concessisti,
437 2035 603 2117 turpitudo
631 2035 723 2117 peius
753 2048 801 2100 est
829 2057 923 2119 quam
954 2038 1067 2113 dolor,
1105 2039 1181 2100 nihil
1210 2049 1258 2100 est
1286 2039 1381 2119 plane
1409 2037 1517 2100 dolor.

192 2128 273 2190 Nam
296 2129 368 2190 dum
391 2128 451 2190 tibi
472 2140 585 2211 turpe,
620 2150 679 2192 nec
701 2129 830 2214 dignum
855 2130 927 2194 viro
937 2131 964 2170 ¹⁷
985 2130 1167 2206 videbitur,
1200 2152 1348 2214 gemere,
1380 2129 1519 2206 eiulare,

191 2217 373 2298 lamentari,
405 2222 538 2306 'fraugi,
577 2222 736 2287 debilitari
769 2224 883 2288 dolore
895 2226 930 2301 ¹⁸,
969 2227 1041 2290 daim
1064 2228 1233 2301 honestas,
1271 2226 1344 2286 dum
1366 2224 1521 2309 dignitas,

191 2316 300 2378 dtrm¹⁹
329 2319 424 2380 decus
456 2317 576 2392 aderit,
611 2319 745 2400 tuque²⁰
775 2317 807 2380 in
838 2318 1068 2397 ea‘intatena²¹,
1106 2330 1138 2382 te
1161 2317 1393 2383 continebisii':
1430 2319 1522 2380 cedet

189 2412 339 2493 proiecto
363 2408 476 2476 virtuti
497 2412 593 2474 dolor
614 2421 647 2473 et
668 2409 762 2473 animi
783 2409 967 2476 inductione
987 2412 1184 2498 languescet.
1242 2414 1310 2476 Aut
1330 2412 1412 2475 enim
1434 2410 1521 2473 nulla

191 2503 292 2569 virtus
315 2517 379 2581 est,
404 2507 458 2569 hut
480 2507 727 2569 contemnendus
750 2504 852 2568 omnis
867 2507 976 2570 dolor.
1019 2507 1268 2572 Prudentiamne
1283 2506 1332 2569 vie
1347 2527 1437 2581 esse,
1453 2504 1521 2568 eine

141 2634 145 2640 =
173 2673 176 2678 ,
192 2622 254 2687 qua
270 2622 309 2665 ae
322 2600 455 2687 intelligi
471 2591 631 2687 quideul²³
655 2601 718 2664 ulla
733 2600 835 2664 virtus
850 2599 983 2683 potest?
1006 2601 1090 2681 Qatid
1107 2599 1216 2685 ergo?
1235 2621 1273 2663 ea
1295 2599 1474 2681 patieturne
1488 2609 1521 2660 te

191 2696 362 2782 quidquam
376 2697 484 2760 iacere
497 2693 574 2761 nihil
588 2695 821 2778 proficientem,
838 2708 870 2759 et
886 2693 1084 2760 laborantem
1093 2695 1139 2757 ²⁴?
1153 2697 1209 2758 An
1221 2690 1428 2775 temperantia
1440 2691 1521 2754 sinet
1550 2733 1552 2744 .

190 2801 222 2853 te
233 2791 439 2857 immoderate
455 2792 560 2856 iacere
577 2786 773 2877 quidqiram?
785 2812 825 2852 an
839 2790 902 2855 coli
912 2788 1037 2853 inentia
1048 2790 1169 2872 poterit
1180 2790 1220 2851 ah
1230 2786 1370 2860 homine,
1385 2795 1521 2867 propter

267 2923 304 3004 (¹)
324 2955 362 2973 -
380 2928 452 2980 nilril
467 2927 616 3002 quidquam
635 2926 665 2985 L.
686 2944 760 3000 susp.
781 2944 836 2980 non
859 2942 978 3000 recepta.
1029 2926 1067 3001 (²)
1092 2956 1132 2969 -
1155 2930 1247 2996 inquis
1272 2924 1300 2977 h.
1320 2920 1362 2990 l.,
1391 2937 1418 2976 et
1438 2935 1549 3002 supra,

135 3051 140 3060 ,
192 3019 254 3076 post
279 3023 305 3057 r.
330 3004 405 3062 nihii
425 3011 468 3056 est
493 3002 634 3056 malebant
660 3004 747 3057 Βοιώ.
768 3002 925 3057 et'Niscen.
976 3001 1015 3070 (³)
1035 3001 1082 3055 Sic
1101 3003 1133 3056 V.
1155 3001 1245 3055 Gebh.
1262 2998 1349 3070 'Seqq.
1368 3017 1408 3051 =
1425 3005 1520 3048 tamen

192 3088 234 3131 ast
255 3079 460 3134 PIBSECML.
498 3080 535 3145 (l)
556 3078 603 3132 sic
623 3080 655 3132 v.
676 3077 767 3133 Gebh.
788 3079 870 3150 Seqq.
889 3101 927 3136 ..··.
945 3083 1025 3148 copia
1043 3076 1122 3131 verb.
1142 3085 1185 3127 est
1207 3074 1412 3131 PABSECML.
1433 3071 1471 3139 (⁵)
1484 3097 1522 3114 -·

191 3155 266 3223 glor.
291 3153 363 3206 nilril
383 3155 484 3210 bonum
509 3173 585 3219 esse,
614 3159 669 3218 nisi
687 3156 719 3207 L.
740 3151 769 3209 8.
807 3153 848 3214 In.
869 3155 988 3208 Adnott.
1013 3151 1088 3206 idem
1108 3157 1265 3225 proposuit:
1285 3150 1521 3218 -gloriantem,

164 3275 167 3292 ,
191 3227 350 3295 docentem,
370 3228 442 3281 nihil
457 3229 483 3282 i.
503 3229 581 3296 (arm
601 3235 687 3283 etiarn
707 3229 774 3283 Ern.
795 3225 1035 3295 deludebatur.)
1055 3258 1092 3271 -
1109 3229 1280 3297 gloriantem
1303 3224 1414 3276 dudam.
1441 3221 1525 3274 notit

192 3303 291 3358 bonum
312 3293 367 3356 nisi
386 3304 432 3372 (de
451 3304 542 3359 Benti.
563 3305 626 3372 Gi)
648 3308 700 3359 Da.
721 3336 757 3348 -
777 3305 969 3373 gloriantem:
1001 3304 1073 3356 dicr'r
1090 3310 1163 3355 enim
1181 3301 1255 3354 nilu'l
1270 3301 1371 3352 bonum
1391 3301 1425 3353 D.
1446 3315 1520 3369 susp.

192 3378 229 3446 (⁶)
248 3388 411 3454 -captare
432 3384 460 3435 Ρ.
481 3380 561 3434 Fabri
582 3399 656 3454 susp.
676 3400 732 3434 non
753 3380 893 3454 improbb.
914 3383 944 3433 L.
965 3395 993 3433 et
1013 3379 1157 3439 inbrium
1178 3384 1272 3450 sicque
1293 3376 1401 3428 volebat
1410 3374 1521 3428 Nissen.

191 3455 230 3527 (²)
253 3456 300 3510 810
320 3455 354 3509 D·
376 3468 402 3513 1-
423 3457 475 3514 W·
495 3463 520 3513 2.
547 3486 587 3502 -
610 3466 781 3528 aspernari..
809 3457 1038 3511 ransnevme.
1059 3454 1151 3510 Genu.
1173 3454 1239 3507 um.
1278 3450 1315 3525 (ε)
1333 3479 1372 3493 -
1390 3449 1522 3500 aaran

79 3538 84 3566 ¹
159 3533 256 3600 xML¹
296 3531 333 3607 (l)
352 3562 389 3576 ·-
409 3532 521 3583 excellit
541 3533 592 3586 SE.
613 3532 665 3586 eir.
688 3529 836 3585 Diomedes
857 3533 917 3586 Lib.
938 3543 964 3591 1.
985 3551 1011 3605 p.
1032 3536 1096 3592 3'lt.
1117 3530 1227 3586 Prisci.
1267 3525 1457 3600 (¹⁰)-isiis
1476 3528 1523 3596 qai
1555 3589 1558 3606 Ι

192 3613 327 3660 viritatem
351 3609 457 3659 scilieet
481 3608 568 3658 soleam
594 3616 646 3658 arat
671 3625 807 3658 summum
833 3606 933 3659 ioniam
958 3607 1054 3658 dicrrnl
1076 3608 1148 3661 021.
1170 3603 1247 3657 Leitl.
1268 3602 1451 3673 similiterque
1470 3597 1521 3653 Ed.

191 3699 244 3736 ret.
272 3683 423 3742 Bouhierii.
461 3681 510 3756 (¹¹)
537 3682 585 3736 sia
603 3682 631 3736 b.
652 3698 667 3734 a
690 3702 731 3755 pr.
753 3700 789 3734 m.
814 3683 984 3735 mCVllLD.
1013 3681 1081 3734 Lall.
1104 3693 1129 3739 1.
1149 3695 1186 3733 aa
1202 3684 1364 3751 perminuta
1387 3678 1416 3731 R.
1438 3682 1522 3741 (teste

192 3760 282 3814 Bonis.
308 3761 349 3812 Ex
369 3773 430 3811 mea
450 3755 600 3811 collatione
620 3758 703 3811 habet
719 3755 854 3830 minuta.)
874 3756 946 3810 021.
968 3757 1160 3812 PABSECW.
1187 3757 1214 3809 2.
1245 3753 1295 3830 (¹²)
1315 3749 1469 3807 cum'Cdtl.
1489 3750 1520 3801 L.

192 3834 284 3889 Gebh.
306 3835 386 3907 Seqq.
407 3864 443 3878 --
461 3847 511 3884 aee
531 3834 736 3888 PABSECVM.
788 3833 837 3900 (¹³)
867 3833 913 3885 Sic
939 3832 1015 3885 SEV.
1036 3832 1128 3887 Gebh.
1149 3832 1229 3902 Seqq.
1248 3848 1287 3883 =
1304 3835 1330 3879 ei
1349 3846 1433 3881 aaaron
1452 3834 1482 3879 in
1502 3826 1521 3877 l.

193 3910 305 3967 13th.
326 3910 378 3987 (-
396 3927 450 3966 om.
468 3913 499 3960 in
520 3908 586 3982 Pu.)
636 3908 687 3976 (¹³)
705 3939 743 3972 ‚-
761 3918 828 3960 siant
847 3907 1005 3962 PASCVM.
1055 3906 1105 4035 (ὅ)
1123 3935 1162 3949 -
1180 3904 1399 3978 comparandam
1418 3904 1449 3955 L.
1471 3901 1524 3954 tte·

191 3986 264 4041 futat
282 3987 391 4057 Wopk.
413 4004 439 4057 p.
460 3988 505 4042 59.
554 3983 605 4052 (16)
626 4013 662 4027 -
681 3993 713 4035 ut
731 3990 762 4035 in
782 3988 863 4035 initio
884 3982 964 4038 ΡΔ-Β.
984 3980 1035 4042 eir.
1077 3981 1188 4055 paiding
1208 3981 1326 4051 Quintil.
1345 3982 1379 4034 Τ.
1400 3985 1426 4034 2.
1447 3995 1473 4049 p.
1495 3980 1523 4034 9.

194 4063 244 4130 (¹7)
262 4088 299 4122 =
317 4069 382 4116 viro
402 4051 519 4130 digami
538 4059 710 4115 PaBSEcv.
762 4059 812 4128 (¹⁸)
840 4059 886 4112 Sic
913 4059 984 4113 Oix.
1005 4057 1114 4112 ttici).
1138 4066 1163 4114 i.
1182 4058 1235 4114 W.
1256 4063 1283 4112 2.
1304 4071 1341 4099 -·
1360 4053 1522 4118 debilitari,

190 4139 287 4192 dolere
307 4137 375 4191 cdd.
393 4137 502 4210 pleriq.
516 4136 671 4190 PSEVML.
692 4133 784 4189 Gebh.
805 4133 877 4187 Lali.
915 4131 967 4207 (¹⁹)
986 4136 1033 4188 Sic
1052 4131 1104 4186 Cd.
1118 4134 1275 4186 Ber-nensis.
1303 4133 1373 4185 Item
1386 4128 1419 4183 de
1434 4127 1523 4181 ilenti.

192 4212 224 4272 Ε.
245 4215 322 4268 DW.
344 4221 371 4271 2.
391 4236 426 4253 -
446 4220 506 4262 tum
525 4244 544 4256 -
562 4221 621 4264 tram
640 4242 659 4255 ··
678 4219 739 4263 ium
764 4208 832 4264 edd.
854 4209 950 4284 pleriq.
972 4209 1144 4264 PABSECV.
1172 4208 1262 4262 Gebh.
1291 4206 1359 4262 Laii.
1387 4213 1412 4263 1.
1452 4203 1524 4257 item

188 4291 234 4348 Μ.
261 4290 309 4355 L..
329 4287 377 4342 sed
403 4287 431 4340 hi
457 4305 526 4342 om:
546 4318 585 4332 -
608 4295 669 4339 tum
694 4285 834 4342 honestas.
873 4284 1021 4357 vulgatam
1048 4281 1170 4338 delendis
1191 4285 1301 4338 Nissen.
1352 4282 1403 4354 (90)
1423 4279 1470 4332 Sic
1490 4282 1524 4333 li.

194 4364 399 4424 Passssttcvtlt.
428 4361 518 4419 Gebh.
546 4363 580 4416 I).
606 4389 643 4406 ·-
668 4370 779 4430 irimque
807 4362 834 4413 b.
862 4360 934 4414 021.
961 4359 1014 4416 W.
1043 4365 1073 4413 in
1098 4359 1149 4413 Ed.
1177 4377 1219 4431 pr.
1240 4388 1277 4401 -
1301 4374 1433 4429 quumque
1453 4352 1524 4409 cdd.

194 4444 259 4513 sitq.
281 4440 348 4497 [all.
370 4446 396 4498 1.
415 4451 452 4492 aa
471 4437 586 4509 deamque
606 4438 638 4491 L.
657 4438 710 4491 W.
730 4444 757 4494 2.
807 4436 861 4510 (²¹)
882 4434 929 4488 sic
948 4435 1020 4494 le.
1040 4436 1084 4489 El.
1103 4429 1127 4489 'er
1140 4438 1332 4495 correctione,
1352 4432 1403 4487 sed
1418 4429 1525 4503 proba-

112 4523 115 4534 '
193 4519 254 4572 iiiii.
293 4517 329 4574 D,
358 4525 382 4573 1.
411 4514 463 4570 W.
490 4521 581 4572 21¹-
606 4518 726 4564 intueris
754 4505 784 4567 h.
811 4519 897 4579 (errat
923 4511 972 4577 D.)
1000 4509 1132 4569 les-
1160 4507 1406 4562 inambulandi.
1427 4508 1525 4581 pleriq.

182 4591 399 4652 ‚Pnsstsscvti
420 4588 512 4642 Gebh.
531 4588 602 4641 lel.
621 4618 657 4631 -
677 4583 828 4640 lntueberis
846 4595 875 4639 et
894 4595 922 4638 le
940 4606 963 4638 c.
986 4588 1016 4640 L.
1069 4585 1118 4658 (⁹¹)
1138 4587 1188 4640 -Sie
1206 4588 1257 4639 Ur.
1279 4587 1310 4637 V.
1331 4583 1422 4639 Gebh.
1443 4583 1525 4652 Seqq.

194 4700 232 4716 ·-
250 4677 389 4721 coutamur
407 4674 449 4716 esi
469 4665 540 4722 Οίι.
561 4663 764 4718 PABSECML.
785 4671 835 4729 (:
852 4663 934 4714 dolor
954 4665 1045 4713 omnis
1058 4660 1217 4734 Pansae.)
1256 4658 1307 4736 (²³)
1326 4688 1364 4703 ·-
1383 4677 1440 4711 om.
1459 4659 1526 4727 qui·

195 4746 256 4798 dem
278 4743 400 4798 ransc.
439 4740 489 4809 (²³)
508 4749 537 4791 et
555 4739 731 4791 laborantem
751 4740 868 4792 tannen?
893 4738 946 4795 W.
967 4736 995 4792 (I.
1018 4743 1045 4792 2.
1063 4751 1102 4790 ω
1120 4746 1148 4788 et
1159 4733 1282 4806 frustra
1295 4735 1473 4787 laborantem
1493 4731 1524 4784 L.

196 4839 222 4874 et
248 4818 338 4872 Bentl.
368 4817 499 4889 euspicio.
532 4816 624 4868 Nimls
655 4820 789 4867 incertum
823 4829 866 4870 est
895 4829 1042 4886 utrumque
1070 4813 1310 4887 supplementum
1349 4815 1526 4885 ingeniosum
1613 4875 1618 4884 Ι

196 4893 389 4954 wollinum
412 4890 458 4944 sed
478 4908 535 4945 uon
555 4897 751 4945 necessarium.
1115 4909 1117 4915 ¹

349 5115 356 5158 l
