3384 5359
435 774 445 791 ν
509 714 861 825 utentior
910 748 1248 825 nuntiati

163 866 1507 1045 2nnunntt10nns

572 1191 825 1260 CICERONIS
849 1083 1181 1261 ATIllSCULANAS.

766 1370 1000 1383 σι’-ι*

583 1501 832 1567 Bardili
874 1501 1175 1566 Moniium.
1271 1514 1276 1522 “
1364 1488 1369 1495 ’

295 1621 478 1691 ,,Εάἰιὶιιιιίι,
512 1621 585 1678 unde
615 1623 748 1697 secundas
779 1628 874 1696 magni
896 1622 1015 1684 Bentleii
1041 1622 1075 1677 ed
1097 1623 1209 1677 Teneai.
1236 1624 1337 1696 Dispp.
1367 1639 1449 1679 ouras
1474 1640 1539 1678 enm

82 1694 84 1705 '
110 1728 113 1732 ι
220 1695 390 1772 praefatione
412 1703 447 1752 iis
473 1705 628 1775 praeposita
652 1703 908 1772 transscripsimus,
929 1704 1076 1773 inscriptio
1102 1702 1170 1753 haee
1192 1714 1249 1754 est:
1273 1701 1318 1753 M.
1344 1699 1432 1753 Tullii
1457 1701 1540 1753 Cice-

219 1780 298 1826 ronis
320 1774 540 1826 Tusctdonarnm
562 1775 793 1846 Disptttationum
814 1772 894 1827 Libri
912 1774 951 1829 V.
973 1779 1033 1827 enin
1055 1774 1256 1839 commentario
1275 1775 1537 1842 inaestimanda,

220 1848 247 1899 e't
270 1848 403 1901 Iiielrordi
422 1849 542 1901 Bentleii
563 1850 807 1903 emendationibus.
834 1848 933 1902 Editio
951 1868 1037 1913 nova.
1055 1852 1119 1918 ι’[Ει
1139 1854 1219 1904 tertla
1237 1851 1360 1916 Davisii,
1380 1866 1450 1922 qnae
1468 1852 1541 1903 Can-

221 1923 319 1997 tabrig.
349 1941 374 1977 a.
402 1932 484 1985 1750.
516 1925 637 1999 prodiit,
669 1929 808 2000 repetita]
852 1924 996 1977 Accedunt
1025 1923 1156 1977 Richardi
1182 1925 1303 1977 Bentleii
1332 1925 1541 1977 emendationes

219 1997 354 2050 hactenns
371 1999 505 2053 ineditos.
543 1999 665 2067 oxonii,
688 2020 703 2052 e
722 2000 918 2074 typographeo
935 2000 1158 2073 Clarendont'nno
1178 2006 1260 2060 1805.
1280 2009 1307 2061 8·
1328 2006 1393 2054 mai.
1428 1998 1542 2054 Editio·

220 2090 286 2126 nem
307 2078 378 2127 itane
397 2092 412 2126 a
433 2072 600 2145 Goisfordio
618 2091 743 2129 curatam
762 2064 863 2141 missi,
884 2075 1053 2147 eundemque
1073 2074 1191 2128 ineditas
1212 2091 1290 2128 antea
1309 2077 1430 2129 bentleli
1447 2093 1541 2129 emen·

156 2174 160 2179 ¹
221 2149 346 2203 dationes
375 2169 409 2203 ex
434 2153 611 2224 autographis
635 2156 737 2205 summi
762 2156 813 2205 viri
840 2152 949 2205 schedis
973 2151 1122 2215 adiecisse,
1155 2166 1216 2223 post
1238 2152 1267 2203 F.
1290 2154 1323 2204 Δ.
1346 2150 1485 2205 Wollium
1510 2156 1540 2204 in

201 2218 364 2281 ‘Analecta
387 2225 509 2293 Literna.
530 2228 552 2280 l.
574 2242 607 2298 pa
628 2229 698 2284 ,23.
718 2241 776 2280 not.
795 2214 913 2280 Ebetlm
934 2241 1050 2280 testatur
1071 2229 1100 2277 in
1119 2224 1188 2278 zen.
1204 2224 1398 2297 Bibliogrnplr.
1414 2227 1495 2279 Tom.
1516 2227 1539 2280 i.

221 2317 297 2354 num.
317 2304 400 2358 liii·
444 2301 518 2355 Nam
537 2245 711 2356 Gsislordius
733 2305 792 2375 ipse
813 2302 903 2373 neque
925 2306 954 2355 ia
977 2294 1154 2356 Praelatione
1171 2300 1418 2367 Emendationutn,
1450 2318 1540 2374 neque

220 2375 289 2428 aiibi
308 2393 412 2433 nornen
430 2393 510 2430 soum
531 2376 686 2450 prodidit.''

346 2559 538 2625 Lectori.

296 2684 375 2751 Quae
401 2680 452 2736 tibi
479 2687 508 2736 in
533 2698 631 2737 manns
658 2681 803 2737 traduntur
827 2685 948 2737 Bentleii
974 2681 1177 2738 emendationes
1204 2683 1338 2737 hactenns
1360 2682 1538 2751 ineditae„e

221 2756 318 2811 codice
336 2756 526 2811 Bibliothecae
548 2756 675 2832 publicae
696 2759 949 2831 Cantabtigiensis,
967 2762 1034 2814 Nro.
1051 2765 1079 2820 5.
1096 2763 1141 2817 io.
1160 2763 1285 2831 signato,
1310 2763 1457 2813 maximam
1496 2776 1540 2812 ar-

219 2850 277 2887 tem
297 2832 449 2905 descriptae
469 2849 543 2886 sunt.
581 2834 695 2887 Ceterae
714 2853 729 2888 e
750 2836 810 2888 Mt.
831 2835 1022 2889 Bibliothecae
1040 2834 1112 2887 coit.
1131 2834 1180 2889 SS.
1200 2834 1347 2889 Trinitatis
1367 2835 1448 2888 Cant.
1467 2780 1540 2887 deri-

221 2925 335 2967 vanturz
358 2923 424 2980 quas
447 2912 580 2962 asterisco
621 2908 711 2982 raeigi
730 2926 856 2962 curatum
876 2925 927 2965 est.
965 2911 1000 2963 Et
1023 2910 1205 2982 basqnidem
1228 2924 1308 2962 notas
1332 2913 1362 2961 in
1384 2927 1464 2962 usum
1478 2910 1540 2973 ‘Das

220 2989 282 3038 visii
308 2983 374 3037 olim
395 2988 567 3056 conscriptae
592 2928 692 3047 ddisse,
718 2983 797 3037 fidem
819 2981 941 3053 faciunt,
965 2999 1033 3056 quae
1056 3003 1090 3038 ex
1111 2982 1329 3057 praelationibus
1352 2984 1487 3038 secundae
1510 3001 1539 3039 et
1581 3024 1587 3037 .

220 3065 319 3113 tertiae
340 3056 408 3112 Edd.
430 3057 560 3131 deinceps
584 3062 706 3112 subiecta
729 3059 827 3112 hahes:
846 3088 886 3102 -··
1188 3111 1192 3119 ,

295 3132 347 3187 Ed.
369 3149 426 3188 see.
448 3134 549 3199 „Meis
570 3138 644 3187 notis
663 3132 792 3187 omnibus
816 3133 908 3207 praelo
929 3138 1031 3207 paratis
1049 3136 1239 3187 recensionem
1258 3148 1353 3199 suam,
1375 3148 1459 3204 quant
1481 3132 1538 3207 ple-

220 3226 337 3280 numque
353 3225 468 3279 sequor,
492 3210 561 3262 mihi
579 3214 607 3261 in
628 3225 723 3261 manus
745 3207 857 3263 tradidit
876 3208 1070 3262 celeberrimos
1090 3209 1121 3262 ii.
1138 3207 1298 3274 Bentleius,
1318 3225 1463 3281 tecumque
1483 3224 1539 3262 sta-

223 3288 276 3337 tuit
298 3288 328 3336 in
347 3283 629 3341 animadversionibus
652 3285 719 3337 huie
740 3284 812 3337 libro
839 3283 1018 3354 adiungendis
1042 3281 1203 3348 ostendere,
1229 3283 1328 3353 quibus
1349 3282 1537 3338 fundamentis

161 3416 167 3423 ,
220 3365 300 3413 nixae
322 3362 378 3412 sint
401 3358 606 3415 emendationes
629 3375 704 3413 suae.
750 3358 802 3412 Sed
824 3377 909 3430 quum
933 3358 1135 3412 eruditissimus
1157 3358 1204 3415 ille
1230 3364 1271 3411 vir
1299 3358 1392 3413 multis
1418 3364 1536 3432 negotiis

222 3432 291 3487 adeo
315 3439 352 3487 sit
376 3432 538 3507 impeditus,
563 3451 591 3488 ut
613 3438 758 3511 promissis
778 3449 852 3489 stare
875 3452 931 3488 non
950 3439 1054 3509 possit,
1077 3438 1132 3488 isto
1154 3434 1295 3488 Thesauro
1314 3448 1408 3487 careas
1427 3450 1536 3508 oportet

220 3514 476 3583 impraesentiarum
498 3510 575 3573 oet,''

296 3582 347 3637 Ed.
368 3599 430 3637 tert.
452 3586 643 3651 „Quinetiam
661 3602 717 3637 non
736 3599 836 3657 paneas
857 3582 1061 3644 emendationes
1080 3588 1246 3650 memorari,
1268 3599 1337 3655 qnae
1357 3586 1537 3657 perspicacis-

222 3665 292 3714 simo
310 3663 410 3711 summi
428 3658 544 3712 Bentleii
560 3659 694 3712 debentur
711 3664 836 3732 ingenim
879 3659 1002 3729 lucesque
1019 3674 1217 3723 memoratam,
1236 3662 1260 3712 si
1276 3663 1318 3711 vir
1333 3658 1536 3727 celeberrimos,

221 3751 252 3789 ut
274 3732 363 3788 iacere
386 3749 534 3799 statuerat,
568 3740 596 3787 in
619 3678 910 3788 animadversionilus
938 3734 1005 3786 hoio
1033 3733 1106 3785 libro
1134 3732 1331 3805 subiungendis
1359 3733 1534 3800 ostendisset,

222 3809 320 3883 quihus
338 3807 524 3864 fundamentis
541 3814 620 3863 nixae
639 3808 751 3864 fuerint.
790 3811 882 3880 Quum
899 3824 990 3861 tamen
1007 3825 1037 3861 ea
1054 3825 1115 3880 spes
1132 3806 1300 3870 desolassett
1321 3808 1419 3862 multas
1438 3809 1536 3864 lectio-

220 3904 286 3954 nes,
309 3900 375 3955 quas
396 3884 442 3937 ille
462 3884 632 3957 recipiendas
653 3883 803 3950 iudicarat,
825 3900 840 3936 a
865 3882 916 3936 fide
937 3882 1067 3938 codicum
1089 3881 1207 3956 pendere
1226 3881 1461 3936 declaravimus.”

298 3960 423 4029 Quorum
446 3958 571 4012 locorum
592 3965 664 4014 inter
686 3978 715 4012 se
739 3965 948 4032 comparatione
970 3956 1059 4024 laets,
1089 3973 1120 4011 ut
1140 3973 1168 4011 et
1188 3976 1221 4011 ex
1243 3963 1318 4012 notis
1339 3964 1422 4032 ipsis,
1447 3974 1534 4031 patet,

221 4036 364 4090 Davisium
382 4049 397 4085 a
413 4034 538 4088 Bentleio
558 4035 777 4088 Tusculanarum
797 4035 936 4107 exemplar
954 4032 1127 4086 emendatum
1147 4037 1302 4106 accepisse,
1325 4031 1433 4105 quoad
1453 4034 1535 4087 eden·

222 4106 287 4173 dnm
309 4124 445 4169 meretum
468 4114 558 4182 ipsum
577 4126 668 4163 autem
688 4111 844 4164 Bentleium
864 4108 1101 4162 observationibus
1120 4112 1225 4181 primae
1243 4106 1360 4163 editioni
1379 4108 1534 4162 subiunctis
1569 4163 1574 4177 ,

223 4182 291 4235 alias
306 4184 438 4256 quasdam
457 4188 613 4249 innectere,
630 4185 716 4241 MSS.
733 4185 919 4258 complurium
935 4181 1102 4237 lectionibus
1118 4182 1259 4249 adiutum,
1282 4188 1442 4257 praesertim
1458 4182 1535 4237 eodi-
1583 4245 1586 4251 ,

223 4263 264 4311 cis
282 4260 358 4331 liegii
377 4262 570 4327 Parisiensisa
584 4259 720 4314 salmasio
740 4266 824 4314 tantis
843 4256 971 4313 laudibus
989 4256 1138 4323 celebrati,
1161 4256 1320 4313 destinasse.
1360 4262 1453 4330 Quum
1471 4275 1533 4313 sero

222 4348 288 4385 casu
311 4333 446 4405 quodem,
470 4351 501 4388 ιιι
523 4350 538 4386 a
558 4338 617 4388 viro
642 4335 723 4406 longe
749 4334 911 4395 doctissimo
934 4331 1006 4387 haud
1032 4338 1070 4387 ita
1096 4332 1203 4407 pridem
1230 4338 1323 4407 accepi
1331 4373 1339 4400 ,
1372 4333 1532 4387 collationes

223 4413 293 4462 istae
315 4408 536 4475 intercidissent,
565 4409 627 4464 loos
649 4409 797 4475 nonnulla,
827 4428 861 4464 eo
883 4408 1000 4463 consilio
1022 4425 1165 4484 excerpts,
1194 4423 1225 4463 ιιι
1251 4408 1531 4463 animadversionibus

223 4487 439 4553 instruerentur,
470 4491 574 4539 intaeta
595 4501 767 4557 permansere
794 4500 937 4555 totumque
961 4480 1029 4536 adeo
1056 4501 1123 4557 opus
1149 4500 1289 4556 nunquam
1313 4481 1450 4536 adfinem
1474 4500 1532 4556 per-

221 4557 336 4613 ductum
355 4575 407 4615 est.
444 4559 545 4633 [Cusas
564 4559 697 4616 secundas
717 4566 818 4615 omnes
833 4565 967 4614 asterisco
985 4564 1088 4613 notavi.
1127 4559 1198 4628 oia]

455 4668 469 4715 Ι

687 4725 1064 4745 W
