3384 5359
237 297 299 365 ιιι
663 242 1126 364 annuunttnntunnu.

311 435 417 495 *Can
436 439 539 497 xliii.
564 432 808 509 Magnam‘ltaltet
823 443 885 491 oon
902 444 947 492 rei
966 438 1095 511 pttblioae
1117 438 1280 512 disciplina]
1303 432 1445 495 aaran
1470 439 1578 507 dt'soi-¹
1592 464 1603 497 t

235 517 315 580 plina
340 514 406 587 quid
431 521 483 579 tit,
510 514 596 588 probe
626 514 772 588 intellego:
805 516 866 569 llEl
892 532 955 569 vero
978 515 1161 568 PUBLICAE
1183 515 1357 586 disciplinam
1381 533 1436 569 neo
1462 515 1568 588 legisse

237 596 369 652 memini,
397 607 448 643 trec
464 590 520 643 dici
539 607 624 663 posse
635 590 763 644 arbitror.
782 630 784 635 .
801 589 948 643 Enimvero
965 595 1003 643 ita
1024 589 1211 660 reponendum
1229 607 1287 645 est:
1311 592 1462 660 Magnam
1477 590 1568 643 habet

237 673 295 721 uim
312 665 472 720 Puntttza
488 666 643 736 disciplina.
683 667 730 739 Sic
750 662 837 729 inira,
855 683 918 736 cap.
933 668 979 722 46.
1017 666 1085 717 Non
1099 682 1214 737 possunt
1229 664 1322 720 dicere
1339 666 1568 735 Licuneuii,

236 743 364 794 Solonem
382 742 475 807 legam
493 750 521 792 et
540 741 722 794 PUBLICAE
742 741 979 795 niscu’tltttlt
998 757 1095 791 carere
1113 741 1218 809 gloria.

193 844 199 857 =
311 813 425 869 *ibid
452 817 503 867 Me
522 816 585 867 ltine
599 816 794 880 avolatrtrrtm,
816 833 902 888 neque
916 820 1058 886 quiequam
1074 820 1128 866 mei
1143 816 1318 888 reitctrtrten]
1344 814 1432 871 codd.
1451 821 1567 889 scripti,

236 910 320 963 neque
340 909 384 941 me
405 895 549 963 qrtieqttant
569 892 748 944 relictarum:
779 892 852 944 unde
887 889 1076 965 reponendum
1110 906 1187 957 etat,
1216 910 1302 965 neque
1329 896 1384 943 mei
1415 896 1567 963 quicquat

236 969 406 1019 relicturum.
557 972 559 975 '

289 1037 426 1093 libid.
452 1041 484 1091 Si
505 1058 547 1091 me
568 1044 678 1111 assequi
696 1046 840 1110 potueris,
867 1048 919 1092 aret
943 1040 1032 1092 sicubi
1058 1048 1158 1092 nactus
1178 1047 1252 1102 erist
1279 1050 1313 1093 stt
1334 1041 1387 1093 tibi
1408 1039 1564 1106 videbitur,

207 1144 210 1168 ι
235 1117 363 1187 sepelite]
388 1115 451 1168 Duo
471 1121 560 1168 nostri
580 1119 738 1181 veterrimi,
758 1124 790 1167 rtt
808 1115 862 1167 stit
876 1116 1050 1170 vtDtTUii
1090 1117 1188 1178 beuter
1214 1133 1245 1169 ut
1264 1116 1470 1190 ipse.Soeratet
1486 1116 1564 1190 apud

236 1193 396 1258 Platonem,
420 1188 501 1253 daura
519 1186 560 1248 ἄν
578 1209 629 1247 σοι
646 1187 739 1265 pstor
755 1182 785 1276 ᾖ.
823 1192 910 1245 Porro
929 1206 956 1245 et
976 1190 1131 1246 POTERIS
1150 1190 1306 1265 legendum,
1328 1207 1358 1245 ut
1376 1209 1443 1244 mox
1460 1202 1565 1245 nactas

234 1272 307 1327 ert's,·
328 1282 384 1318 non
401 1269 537 1335 potueris.
594 1287 597 1296 ·

311 1337 426 1395 *lbitl
452 1338 564 1392 Ditrior
578 1340 739 1408 Diogenes,
758 1348 788 1391 et
803 1339 831 1392 id
848 1338 958 1412 quidem
973 1346 1112 1407 sentiens,
1129 1339 1193 1405 sed,
1215 1349 1248 1393 ut
1260 1341 1397 1413 Cynices,
1419 1346 1562 1414 asperius]

235 1414 385 1468 Lambinus
406 1433 439 1466 ex
459 1420 642 1480 coniectura,
657 1423 686 1466 et
705 1414 801 1469 IDEM
822 1416 931 1487 quidem
948 1422 1080 1468 sentiens.
1119 1414 1277 1470 Sententiae
1294 1421 1350 1471 vim
1366 1423 1511 1490 percepit,
1532 1422 1562 1470 iit

236 1491 319 1544 verbo
339 1489 431 1562 lapsus
450 1506 501 1543 est.
540 1488 626 1544 Codd.
646 1494 734 1543 nostri
752 1507 863 1559 omnes,
888 1498 918 1542 et
937 1491 971 1546 ts
988 1491 1097 1563 quidem
1115 1496 1253 1543 sentiens:
1276 1490 1349 1545 uude
1366 1492 1499 1565 proclivis
1519 1508 1562 1545 eet

236 1564 410 1631 emendatio,
436 1575 466 1616 et
488 1567 521 1619 IS
547 1564 645 1619 IDEM
669 1570 801 1620 sentiens.

242 1686 245 1695 .
279 1676 280 1679 =
309 1642 413 1694 *Cart
433 1640 533 1694 XLIV.
560 1642 709 1693 Hectorem
724 1639 893 1710 qttudriittgo
908 1658 993 1692 curru
1009 1640 1166 1712 raptarier]
1192 1642 1302 1696 Primus
1318 1642 1392 1697 bauo
1410 1641 1561 1696 verbosum

234 1714 362 1769 ordinem
384 1713 491 1769 induxit
511 1714 690 1775 Gebbardus;
716 1734 802 1785 quum
824 1731 851 1769 et
874 1720 917 1768 sui
940 1732 967 1770 et
990 1717 1107 1769 aliorum
1130 1714 1241 1771 codices
1263 1716 1427 1773 habuerint:

390 1787 398 1801 ”
584 1791 734 1842 Hectorem
754 1809 839 1842 curret
861 1791 1030 1862 quadriiugo
1051 1797 1204 1862 raptarier.
1643 1860 1644 1863 Ἴ

235 1860 395 1939 quodsino
418 1864 502 1919 dubio
522 1882 537 1918 ι
559 1869 657 1939 poitae
679 1882 764 1918 mauu
787 1883 839 1921 est.
875 1866 937 1920 Etsi
959 1873 1035 1919 euim
1057 1883 1214 1939 utrumque,
1241 1873 1264 1921 si
1288 1867 1321 1921 ad
1341 1868 1453 1937 digitos
1476 1867 1561 1943 pedes
1607 1924 1610 1933 ,

234 1947 366 2015 exegerit,
386 1941 504 1994 lambini
523 1945 625 1995 senarii
645 1940 803 1994 ineusuram
822 1940 929 2015 implet,
947 1947 1058 1995 auratas
1081 1956 1172 1995 tamen
1192 1942 1297 1997 iuditio
1314 1950 1453 2017 posterius
1471 1944 1563 1998 solutu

235 2034 279 2071 est
301 2016 518 2070 admittendum:
550 2033 580 2070 ut
603 2021 678 2069 enim
703 2017 758 2071 boe
782 2033 863 2070 tuate
887 2033 913 2071 et
936 2034 1113 2071 numerosum
1138 2033 1196 2083 est,
1228 2037 1255 2072 et
1285 2024 1387 2073 instant
1419 2036 1562 2075 caesuram

235 2091 319 2146 iacit:
345 2096 385 2146 ita
404 2092 471 2145 illud
491 2108 590 2146 eontra
610 2092 744 2145 scabrum'
757 2108 800 2145 est
818 2109 846 2147 et
865 2088 1032 2167 iritpeditum
1051 2109 1078 2147 et
1097 2090 1243 2148 absonum.
1261 2123 1301 2138 —-
1325 2095 1421 2148 *Post
1438 2094 1562 2164 oodioet,

235 2168 326 2221 adde:
349 2169 452 2233 (nottri
475 2184 549 2222 certe
571 2184 667 2220 omnes
691 2167 816 2239 habent.)

232 2278 235 2283 .
310 2241 427 2296 *ibid
452 2244 570 2308 Mater,
589 2250 618 2293 te
636 2244 760 2313 appello,
782 2251 813 2295 trs
831 2261 901 2315 petae
919 2259 1018 2295 cetram
1034 2256 1131 2294 somno
1148 2261 1281 2316 suspenso
1300 2244 1392 2312 leuas,

358 2318 365 2331 ”
453 2320 550 2391 Neque
568 2326 596 2369 te
615 2324 669 2368 mei
686 2323 816 2369 miseret:
837 2335 924 2385 surge
941 2325 970 2368 et
987 2316 1073 2387 sepeli
1091 2327 1199 2372 nutum.

234 2393 272 2447 Et
291 2409 357 2446 mox
376 2397 515 2466 sequitur,
537 2399 619 2465 prius
636 2411 719 2463 quam
731 2391 821 2463 serae
840 2392 1033 2464 volaresqtte]
1059 2392 1160 2447 Versus
1184 2410 1248 2448 tunt
1272 2393 1426 2459 troobaioi;
1454 2409 1487 2451 et
1506 2392 1562 2448 ier·

235 2483 307 2522 tasse
326 2474 367 2522 sio
387 2470 422 2522 ad
440 2485 570 2523 numeros
590 2485 661 2520 tuot·
674 2466 814 2540 redigendi
834 2484 916 2534 tunt,
939 2483 1020 2540 atque
1041 2472 1127 2521 etiam
1145 2467 1346 2522 connectendi:

459 2544 575 2607 Mater,
599 2551 627 2594 te
645 2544 767 2613 appello,
789 2562 859 2613 qnae
878 2560 975 2595 euram
994 2559 1090 2594 samm
1109 2561 1242 2615 suspenso
1263 2546 1352 2611 leves,

460 2620 558 2690 Neque
576 2627 604 2670 te
621 2624 676 2669 mei
694 2624 862 2672 miteretutt'
878 2634 965 2687 surge
984 2627 1013 2670 et
1031 2620 1118 2689 sepeli
1135 2628 1232 2672 natant
1253 2636 1331 2673 tuum
1347 2623 1430 2690 prius

460 2695 551 2764 Quam
562 2693 653 2763 ferae
671 2694 849 2766 volrtcresqtte
868 2722 905 2738 -
924 2722 963 2736 -

237 2771 317 2837 [Sine
336 2765 422 2822 dubio
440 2769 583 2822 Bentleiut
598 2786 779 2838 ¹suspensum,
802 2785 832 2822 ut
856 2766 1046 2842 lupriosibus
1065 2766 1314 2822 Emendationibut
1336 2766 1485 2842 legendum
1504 2785 1560 2822 esse

235 2850 409 2909 coniecerat,
439 2849 524 2897 etiam
544 2842 681 2896 hocloco
703 2845 745 2897 vel
763 2844 895 2917 scripsit,
927 2843 968 2897 rel
993 2843 1118 2905 scribere,
1142 2860 1215 2897 terte
1241 2842 1337 2896 voluit.
1382 2844 1459 2898 Solet
1486 2849 1560 2899 euitat

236 2921 292 2973 alio
316 2919 459 2974 literarum
483 2920 641 2972 charactere
667 2933 699 2971 ea
725 2919 856 2972 voeabula
881 2925 1052 2992 exprimere,
1081 2923 1111 2972 in
1137 2919 1238 2989 quibus
1266 2916 1369 2990 aliquid
1397 2923 1560 2974 mutatione

235 2994 414 3050 factumest.
459 2994 545 3067 Atqui
567 2993 595 3047 h.
618 2992 638 3047 l.
660 3011 792 3065 suspenso
817 2993 925 3067 vulgata
945 2999 1069 3048 omniurn
1091 2992 1227 3047 librorum
1248 2992 1334 3047 lectio
1353 3009 1411 3053 este
1441 3010 1469 3047 et
1489 2992 1559 3047 inira

237 3088 345 3142 quoque
367 3069 525 3137 Bentleiut,
545 3071 620 3121 huno
642 3066 749 3122 versum
764 3067 897 3139 laudans,
923 3086 1084 3141 suspensum
1107 3066 1217 3123 toribitss
1238 3069 1340 3136 Βανά]
1376 3071 1473 3122 Primo
1496 3069 1557 3133 TU,
1643 3078 1644 3123 ζ

237 3145 310 3217 quod
334 3162 441 3199 tersum
463 3159 574 3209 onerat,
601 3158 629 3197 et
651 3143 732 3217 plane
755 3142 908 3210 redundat,
931 3144 1098 3199 eliciendum
1117 3161 1173 3198 ettt
1200 3163 1288 3215 neque
1307 3159 1372 3196 saue
1391 3144 1508 3197 babetur
1530 3149 1558 3197 ia

236 3218 406 3273 editionibus
426 3218 489 3274 Aldi
509 3236 536 3274 et
555 3217 693 3273 lambini.
732 3218 826 3286 adde,
846 3220 920 3292 quod
939 3230 968 3273 te
986 3238 1055 3292 quae
1074 3218 1222 3273 dicendum
1240 3224 1331 3291 potius
1351 3215 1452 3284 suerit,
1477 3235 1556 3289 quarn

237 3302 270 3346 tu
288 3313 367 3365 quae.
406 3295 495 3348 Trtttnt
516 3309 607 3349 autent
630 3312 665 3353 ez
686 3300 847 3347 coniectura
867 3294 1035 3357 addidimus3
1058 3312 1113 3367 quo
1133 3312 1225 3347 tersus
1246 3312 1276 3347 su
1299 3293 1405 3366 pietus,
1431 3299 1455 3347 ti
1475 3297 1556 3347 reteri

235 3386 313 3422 ntore
324 3369 566 3448 μονοσυλλάβως
578 3370 723 3423 efferatur:
743 3368 824 3423 facile
840 3385 933 3425 autem
951 3368 1093 3425 absorberi
1108 3374 1200 3443 potuit
1219 3384 1235 3421 a
1250 3312 1354 3441 tyblaba
1371 3368 1555 3441 praecedente.

237 3446 310 3511 [itm
333 3449 362 3497 in
380 3448 478 3514 primis
503 3448 577 3497 curis
603 3449 650 3497 sio
670 3444 801 3518 pergebat
819 3445 977 3501 bentleius:
1008 3447 1110 3499 Verum
1128 3448 1223 3498 Aaron
1242 3445 1312 3497 alter
1333 3444 1502 3498 Scholiasta
1523 3442 1556 3497 ri

236 3520 343 3572 dirtuttt
364 3519 473 3572 Horatii
493 3518 643 3573 locumeio
662 3519 744 3573 verba
765 3521 813 3573 illa
831 3520 942 3588 laudat,
962 3522 1064 3588 Soror,
1084 3520 1222 3590 deterge,
1248 3520 1377 3591 strepeti
1396 3538 1448 3572 nte.
1487 3520 1555 3573 stne

237 3595 285 3647 bie
307 3591 437 3665 Polydori
459 3594 558 3646 umbra
577 3594 728 3664 alloquitur
746 3612 869 3649 sororem
889 3613 967 3650 suam
987 3595 1122 3661 ilionatrt,
1144 3612 1175 3649 ιιι
1194 3596 1273 3670 plane
1292 3610 1400 3647 constat
1420 3612 1504 3665 quum
1521 3612 1554 3647 ex

236 3669 347 3722 Horatii
369 3668 417 3726 illo
432 3667 513 3733 loco,
533 3684 594 3722 tttm
612 3687 646 3721 ex
661 3673 795 3725 Cicerone
815 3670 1038 3725 indcademicis
1056 3671 1101 3736 11,
1122 3675 1167 3731 27.
1204 3671 1333 3722 Matrem
1353 3674 1444 3740 itaque
1465 3669 1554 3742 appel-

233 3744 293 3809 iat,
315 3748 380 3816 quia
397 3744 510 3804 naturb3
532 3761 673 3810 sororem,
699 3750 764 3817 quia
781 3762 807 3800 et
823 3761 913 3812 aetate
927 3748 1014 3801 multo
1031 3744 1177 3817 grandior,
1199 3761 1227 3799 et
1243 3749 1365 3818 parentis
1383 3743 1447 3797 luco
1467 3749 1554 3817 ipsun

175 3835 177 3838 ⁴
236 3821 377 3874 educarat.
415 3822 507 3888 Quare
529 3823 623 3871 neseio
643 3835 678 3873 an
700 3836 774 3874 totus
794 3819 875 3874 locus
895 3840 928 3875 ex
951 3818 1114 3877 Soboliastis
1137 3820 1194 3873 illis
1218 3825 1259 3873 tic
1280 3820 1453 3892 reingerius
1475 3824 1521 3887 sit,

461 3894 577 3959 Mater,
603 3902 631 3946 te
649 3895 774 3966 appello,
797 3914 869 3966 quae
886 3915 981 3949 cetram
999 3913 1096 3947 somno
1113 3912 1274 3967 sttspensam
1293 3896 1374 3947 leuas

460 3970 557 4040 Neque
576 3977 604 4020 te
621 3975 676 4021 mei
693 3976 858 4038 miseretur,
880 3990 979 4026 saror.-
1003 3970 1035 4024 0,
1050 3988 1136 4041 surge
1154 3978 1184 4022 et
1201 3971 1287 4042 sepeli
1304 3989 1365 4037 nte,
1382 3974 1465 4041 pritts

461 4045 551 4114 Quam
561 4042 651 4116 fisos
669 4046 848 4118 volucresque
1497 4094 1503 4104 ,

236 4122 312 4174 Haeo
334 4114 432 4174 Cicero
454 4125 603 4174 immutare
623 4119 744 4192 paullum
768 4134 894 4194 poterat,
916 4137 967 4173 tuo
989 4120 1134 4174 arbitratu.
1171 4117 1426 4189 [trientinae]

312 4193 453 4268 [*]lbid.
485 4196 549 4247 Heu
566 4195 711 4266 relliquiae
728 4201 857 4248 semiassi
875 4200 969 4264 regis,
991 4195 1141 4247 demtdatis
1158 4198 1274 4262 wallas,

440 4269 517 4322 ‘Per
535 4278 642 4322 terram
660 4275 739 4322 sassie
757 4271 897 4323 delibutas
907 4268 999 4340 foede
1018 4271 1191 4325 divexarier.

223 4347 305 4407 „Nun
319 4347 449 4416 intelligo
464 4344 532 4417 quid
544 4354 669 4397 metttat:
686 4364 767 4417 quarn
781 4355 839 4398 tant
854 4346 941 4398 bonos
954 4352 1128 4416 septenarios
1133 4345 1249 4416 fundat
1265 4344 1305 4398 ud
1320 4343 1433 4415 titiant]
1454 4345 1547 4397 iterun

237 4423 284 4475 bio
307 4421 416 4495 vapulat
435 4420 550 4485 Cicero,
569 4418 643 4491 quod
662 4420 810 4475 versiculos
827 4422 878 4474 bos
896 4426 1072 4490 septemrios
1091 4424 1185 4485 rooet't
1208 4440 1290 4492 quum
1310 4425 1382 4483 tint,
1402 4436 1432 4473 ιιι
1451 4418 1547 4486 solunt,

236 4494 349 4552 iarbbicl
378 4499 529 4549 tetrametri
555 4499 612 4548 tite
640 4500 785 4550 octonarii.
830 4497 940 4549 Primus
969 4495 1042 4548 bane
1067 4494 1161 4549 dicatu
1188 4500 1217 4551 ¹ei
1241 4499 1352 4569 scripsit
1376 4499 1417 4549 tir
1438 4510 1545 4581 mapntt

238 4573 323 4628 lulius
343 4571 482 4643 Scaliger,
511 4574 589 4624 cuius
616 4569 695 4622 verba
724 4585 788 4623 tttnt
816 4570 879 4624 loco
902 4587 917 4621 a
939 4585 965 4622 te
988 4568 1125 4624 indicato:
1158 4571 1317 4626 Ciceronem
1341 4588 1444 4642 quoqtte
1464 4572 1545 4640 sepit

236 4653 327 4711 ratio,
351 4664 434 4718 prtum
450 4650 480 4697 in
495 4651 590 4716 primu
612 4645 781 4716 Quaestione
799 4645 959 4698 Tusculana
979 4650 1154 4716 septenarios
1173 4654 1269 4700 voest.
1308 4647 1434 4700 Accessit
1457 4660 1544 4717 postea

236 4723 400 4788 Lambinus,
425 4726 472 4793 qui
491 4719 629 4786 librariis,
649 4737 705 4773 uon
726 4726 848 4791 auctori,
871 4722 926 4777 hoo
945 4725 1080 4793 imputate
1105 4736 1133 4773 et
1155 4739 1206 4793 pro
1225 4725 1413 4791 septenarios,
1436 4737 1466 4773 ut
1484 4719 1543 4773 Tul-

179 4834 187 4847 2
233 4799 305 4854 lium
327 4797 516 4860 demereatur,
538 4799 646 4868 inipso
665 4811 743 4849 textu
760 4803 923 4848 octonarius
942 4796 1033 4849 studet
1051 4794 1226 4851 substituere.
1264 4793 1331 4861 Inde
1346 4811 1374 4848 et
1391 4792 1541 4849 Gerhardts

234 4875 349 4928 Vossius
372 4870 447 4926 idern
464 4872 519 4924 hoo
542 4870 635 4924 Tullio
658 4877 793 4933 inteutatt
818 4887 847 4926 et
867 4871 919 4926 tibi
939 4869 1056 4943 denique
1071 4870 1184 4924 libitum
1199 4887 1242 4926 est
1257 4887 1356 4944 agmen
1370 4870 1425 4924 boo
1440 4885 1539 4942 eugen.
