3384 5359
211 283 274 355 ιιι
639 288 867 355 nautum
889 288 1123 390 aunuum

210 433 286 492 Haec
307 432 474 496 cohaerent,
499 447 527 485 et
546 449 656 486 restum
680 429 869 486 Troehaicum
890 427 1033 502 efficiunt,
1056 445 1089 484 ut
1109 445 1174 486 tunt
1198 430 1239 490 llll
1261 435 1381 499 priorett

405 508 482 560 Mihi
499 527 529 559 ee
549 507 647 560 dedet.-
661 506 819 578 fortunam
834 513 927 578 ipsam
945 507 1057 558 anteibo
1066 504 1207 578 fortunis
1222 513 1308 561 ttset'ss

209 599 240 640 et
257 589 287 637 lu
306 587 399 656 priore
421 601 500 636 versu
520 585 597 656 lego:
623 583 718 637 soni
734 583 854 655 patebit.

285 659 364 712 Cn.
386 659 513 714 xxxii.
540 663 647 727 Amor,
670 676 750 729 quem
768 659 907 712 Caecilius

533 762 693 780 ----
713 733 795 786 desem
814 739 861 806 qui
880 749 937 784 non
958 749 1093 784 summum
1109 740 1203 805 putet,

325 859 327 874 ,
436 812 497 862 Asa
519 809 637 861 stsdtum
659 816 711 859 atsi
733 827 826 860 rerum
845 826 906 859 esse
924 812 1082 877 imperitum
1101 814 1265 864 existimat:

438 887 491 939 Cui
512 891 543 937 t'ts
567 877 725 950 mastu'ss't‚
752 903 831 956 qssem
852 902 911 935 esse
932 883 1086 934 densentem
1106 886 1185 948 velit,

433 961 523 1032 Quem
540 976 655 1029 sapere,
678 978 757 1030 quem
776 963 915 1025 insanire,
940 977 1020 1028 quem
1041 963 1071 1008 s‘n
1090 959 1217 1012 morbum
1237 964 1327 1027 irritet,

435 1037 523 1106 Quaem
541 1041 650 1096 eontra,
660 1040 768 1098 amari,
789 1053 869 1105 quens
887 1038 1035 1099 arcessiri,
1059 1052 1138 1104 quem
1156 1038 1263 1107 expeti]

210 1110 392 1179 Gebhardus,
423 1113 625 1184 ManuscriptIs
652 1115 709 1164 suis
733 1115 855 1166 nimium
880 1107 1007 1174 deditus,
1037 1115 1175 1163 revocavit
1199 1109 1434 1177 illud-insanire,
1457 1110 1530 1164 nullu

208 1203 300 1242 sensu.
346 1190 441 1257 Quum
465 1191 541 1240 anim
567 1189 643 1257 prim
675 1183 807 1252 dixisset,
838 1202 898 1237 esse
929 1184 1099 1251 dementem,
1129 1202 1180 1239 car
1206 1186 1253 1239 hic
1276 1186 1372 1260 putide
1400 1203 1530 1262 repetem

208 1263 354 1315 anenno?
379 1263 441 1326 Hec
461 1267 485 1316 si
508 1258 673 1317 Gebhaedut
697 1265 863 1333 cogitasset,
885 1274 913 1314 ss
936 1260 1136 1313 antithetorum
1155 1265 1294 1314 rationem
1317 1262 1359 1315 sel
1381 1282 1431 1337 per
1450 1265 1532 1318 neba-

208 1337 265 1391 lam
284 1338 415 1402 vidisset,
438 1333 511 1409 quod
529 1341 558 1388 its
571 1333 635 1387 aliis
648 1332 818 1389 editionibus
831 1334 918 1389 fertur
932 1335 1066 1389 sutiam
1079 1334 1161 1409 longe
1178 1340 1203 1389 ei
1222 1336 1434 1408 praeferendum
1446 1345 1530 1393 visum

208 1428 280 1467 esset
296 1413 475 1467 librariorum
495 1415 657 1483 scripturae.
683 1412 801 1464 Versum
818 1426 911 1464 autem
929 1427 1102 1483 postremum
1119 1427 1150 1465 ιιι
1166 1410 1350 1482 pulcherrime
1365 1414 1530 1472 emendasti:

209 1485 304 1541 sedai
330 1486 364 1541 ad
386 1486 455 1542 illud
478 1495 580 1540 contra
601 1483 724 1558 paullum
748 1484 917 1550 attenderis,
943 1491 988 1539 cui
1009 1484 1093 1538 verbo
1115 1486 1187 1539 nilsil
1210 1504 1284 1540 nunc
1306 1503 1348 1542 est
1369 1508 1426 1560 quo
1448 1495 1530 1561 possit

208 1561 322 1622 refertis
348 1568 465 1618 omuino
487 1560 531 1616 rel
550 1565 653 1622 inritus
671 1557 802 1615 fateberis
819 1579 928 1618 versum
951 1565 1091 1632 integrum
1113 1579 1147 1614 ex
1169 1562 1307 1617 hocloco
1330 1564 1480 1622 excidisset
1502 1580 1530 1618 ut

209 1654 292 1711 saepe
313 1644 423 1692 evenire
445 1636 534 1703 solet,
560 1634 755 1708 quamplures
779 1635 926 1704 versiculi,
948 1652 979 1689 ut
1002 1638 1065 1702 hic,
1088 1635 1186 1690 eodem
1205 1637 1338 1692 vocabulo
1359 1640 1529 1694 inchoantur.

208 1711 346 1786 Equidem
366 1713 461 1768 locum
481 1714 557 1767 hunc
575 1712 765 1765 Caecilianum
785 1711 820 1765 ad
839 1714 914 1767 hunc
933 1709 1018 1765 ferme
1037 1710 1151 1764 modum
1170 1728 1238 1785 puto
1258 1701 1326 1769 asim
1345 1719 1497 1770 exstitisse:

432 1790 492 1862 Ego
511 1803 591 1854 sero,
616 1788 748 1840 Amorem
768 1786 850 1839 damn
867 1792 914 1859 qus·
932 1805 990 1839 non
1010 1804 1145 1839 summum
1161 1795 1255 1858 putet,

434 1870 495 1919 Aut
512 1862 645 1926 ιιιιιιιιιιι,
671 1869 723 1913 aut
740 1880 834 1915 rerssm
852 1881 912 1914 esse
930 1867 1089 1934 imperitum
1107 1867 1250 1918 existimo:

435 1939 489 1993 Cui
506 1942 537 1990 in
555 1942 711 2003 manserit,
737 1957 817 2010 quem
835 1956 896 1990 esse
916 1937 1069 1989 dementem
1090 1938 1172 2003 velit,

432 2014 521 2086 stsm
541 2030 658 2085 saperes
683 2032 761 2085 quem
785 2018 893 2081 sanari,
917 2031 996 2085 quem
1017 2017 1048 2063 tn
1068 2012 1195 2066 morbum
1215 2018 1311 2075 imici,-

435 2091 528 2159 Quem
550 2087 617 2141 odio
639 2105 713 2152 esse,
737 2106 819 2164 quem
843 2092 1004 2153 contemni,
1028 2105 1110 2158 quesn
1130 2089 1238 2142 excludi
1259 2087 1348 2144 forass

403 2179 406 2188 ¹
434 2167 521 2237 Quem
542 2172 645 2218 contra
667 2170 775 2230 amari,
798 2182 877 2237 quem
896 2167 1006 2237 expeti,
1028 2182 1108 2234 quem
1125 2170 1272 2218 arcessiat.

280 2242 365 2298 Cae.
383 2240 525 2297 xxxin.
558 2235 636 2310 Quid
665 2239 780 2304 denique
807 2237 934 2293 hammes
964 2238 1120 2290 doctissimi
1144 2249 1175 2293 et
1198 2245 1298 2293 summi
1317 2249 1423 2311 poetas
1448 2238 1482 2296 de
1504 2257 1531 2294 ιι

206 2320 276 2391 ipsit
301 2325 332 2369 et
356 2316 526 2370 carminibus
551 2314 636 2366 edum
660 2322 690 2367 et
715 2315 875 2385 cantibusi]
901 2315 973 2389 Lege
994 2313 1054 2366 DE
1071 2313 1121 2368 SE
1140 2315 1230 2384 IPSI,
1256 2332 1286 2370 ut
1307 2317 1410 2370 Cicero
1436 2317 1531 2390 aliique

206 2407 311 2447 veteres
330 2409 440 2466 semper
461 2390 537 2461 loqui
561 2388 661 2443 solent.

237 2473 244 2488 ¹
284 2468 366 2523 Cae.
384 2466 520 2522 xxxiv,
547 2465 604 2536 Qut
623 2482 705 2517 amar
730 2469 757 2516 si
781 2469 843 2536 quis
865 2472 909 2517 est
934 2468 965 2516 ln
993 2482 1087 2518 rerum
1108 2475 1231 2534 natura,
1259 2473 1320 2520 ss'tse
1338 2467 1531 2531 sollicitudine,

205 2548 268 2610 stne
292 2537 448 2608 desiderio,
481 2544 542 2596 sisse
569 2558 652 2604 eura,
688 2544 749 2593 sins
767 2544 904 2614 suspirio,
937 2544 977 2592 sit
997 2546 1077 2611 sane]
1105 2545 1252 2613 Quantivit
1278 2547 1361 2617 pretii
1384 2560 1427 2597 ιιι
1447 2541 1532 2595 lectio

206 2617 363 2674 editionum
386 2633 509 2670 veterum
533 2630 561 2670 ιι
583 2613 713 2669 codicum
736 2616 858 2687 aliquot,
890 2620 920 2669 in
944 2616 1044 2688 quibus
1071 2635 1133 2671 tuus
1160 2619 1208 2673 ille
1233 2633 1276 2674 est
1300 2634 1442 2685 vetustas,
1472 2619 1533 2672 Ss'ns

207 2691 454 2748 SUSPICIONE:
479 2689 561 2763 idque
585 2689 626 2744 vel
645 2690 682 2743 ols
701 2709 788 2745 unum
811 2691 891 2745 illum
913 2691 1037 2745 Terentii
1060 2691 1166 2760 loc'um,

433 2767 468 2822 1n
490 2783 587 2821 amore
607 2764 676 2818 haec
695 2772 790 2836 omnia
809 2771 906 2818 insunt
922 2771 1014 2832 vitia,
1036 2773 1168 2836 iniuriae,

433 2845 630 2916 Suspiciones,
655 2846 835 2908 inimicitiae,
856 2841 993 2896 indicatae.

205 2919 243 2976 Et
265 2934 359 2975 tamen
376 2934 445 2973 nota
467 2933 532 2972 sunt
548 2917 681 2990 Suspiria
696 2925 861 2971 amantum:
889 2934 957 2991 ergo
978 2934 1126 2993 utrumque
1149 2934 1192 2975 est
1213 2916 1347 2994 probum:
1376 2933 1409 2974 ιιι
1429 2921 1533 2972 ιιιιιίιι

205 2999 263 3052 utri
306 2995 377 3049 alsna
395 2992 485 3047 dando
509 2996 556 3048 sit.
584 3012 587 3020 ’

282 3013 365 3125 dus.
385 3069 522 3126 xxxvi.
548 3066 599 3122 Ira
619 3082 706 3135 vero,
736 3080 807 3137 quaa
832 3064 964 3138 quamdiu
986 3069 1139 3140 perturbat
1163 3073 1303 3137 animum,
1334 3067 1534 3120 dubitationem

205 3149 336 3200 insaniae
364 3162 421 3197 uon
446 3143 548 3196 lsabet:
578 3146 656 3195 cuius
681 3141 799 3214 impulsu
825 3147 942 3194 exsists’t
968 3150 1055 3197 ettam
1079 3151 1154 3197 iuter
1172 3145 1292 3216 jratres
1315 3144 1374 3196 tale
1398 3142 1533 3214 iurgium]

208 3220 275 3274 Sine
295 3218 381 3273 dubio
400 3218 533 3276 mendosa
550 3218 654 3285 lectio,
681 3215 763 3289 idque
785 3214 890 3288 duplici
911 3223 1029 3274 satione.
1067 3220 1139 3274 Nam
1160 3224 1183 3273 si
1202 3238 1272 3292 quae
1291 3218 1377 3291 legis,
1401 3218 1474 3272 nihil
1494 3233 1533 3272 ιιι
1577 3214 1579 3224 ’

207 3314 263 3366 quo
282 3294 333 3349 Ira
355 3293 499 3353 referatur.
537 3292 610 3348 Illud
633 3310 698 3347 aero
718 3292 859 3365 Quamdiu
880 3298 1005 3367 ineptum
1027 3310 1085 3358 est;
1110 3300 1212 3369 quippe
1232 3295 1278 3348 lra
1298 3311 1407 3368 semper
1429 3311 1533 3368 pertus-

206 3368 256 3424 bst
278 3374 419 3436 animum,
445 3367 598 3443 usquedum
618 3373 649 3422 in
670 3374 765 3424 animo
787 3383 846 3434 ιιι,
871 3382 902 3421 at
923 3368 1015 3423 nullus
1034 3370 1114 3424 locus
1135 3376 1171 3425 sit
1192 3372 1235 3442 τῷ
1256 3370 1405 3440 Quamdiu.
1444 3367 1533 3422 Codex

206 3460 271 3501 tuus
289 3460 373 3498 notae
389 3451 528 3519 optimae,
547 3444 643 3515 Quae,
666 3464 748 3516 quum
766 3443 831 3495 diu:
854 3447 883 3498 in
900 3442 1042 3499 Gebhardi
1058 3464 1123 3499 vero
1139 3445 1236 3499 codice
1252 3464 1322 3517 quae
1338 3445 1425 3498 abest.
1463 3445 1532 3516 Ergo

207 3539 242 3575 ιι
264 3536 382 3593 utroque
406 3525 447 3573 sic
470 3520 544 3593 lege:
578 3520 627 3572 Ira
647 3537 732 3587 vero,
764 3518 879 3589 QUUM
900 3519 969 3574 DlU
991 3521 1141 3592 perturbat
1162 3526 1302 3585 animum,
1333 3521 1533 3572 dubitationem

137 3585 148 3610 ‘
206 3601 335 3649 menatae
354 3611 412 3647 non
429 3594 521 3650 habet.
560 3594 639 3650 Nihil
657 3593 767 3652 clarius.
805 3598 851 3650 Ira
869 3597 944 3647 enim
964 3613 1014 3667 per
1032 3614 1062 3650 ιι
1084 3592 1284 3667 brevis'fssror
1302 3594 1450 3659 definitur,
1469 3595 1533 3646 bre·

206 3677 254 3729 au
272 3675 403 3738 insania,
425 3675 538 3722 initium
554 3673 700 3722 insussias:
724 3671 800 3742 Ergo
819 3672 877 3733 ira,
901 3674 925 3723 si
945 3667 1077 3726 diuturna
1095 3688 1153 3738 est,
1177 3678 1237 3746 ipsa
1258 3687 1299 3724 ιιι
1319 3674 1438 3726 insania.

285 3744 375 3802 ibid.
402 3747 472 3817 Quis
490 3744 572 3797 homo
591 3753 619 3797 te
637 3750 822 3820 easssperaus't
840 3761 960 3816 unquam
978 3753 1106 3817 gentimn
1123 3746 1314 3821 impudentia?

403 3822 475 3893 Quis
496 3827 590 3873 autem
610 3821 721 3873 malitia
743 3821 792 3873 te?

206 3898 360 3968 {trochaici
381 3913 462 3964 sunt,
491 3911 519 3950 et
538 3899 622 3950 metri
642 3900 728 3969 ipsius
749 3895 836 3951 ductu
854 3895 945 3953 facilis
968 3912 1010 3952 est
1030 3896 1200 3952 emendatio.
1239 3894 1293 3951 Sed
1313 3893 1379 3968 quid
1402 3910 1445 3949 est
1467 3890 1533 3948 illud

207 3976 334 4046 Unquam
353 3973 501 4045 gentium?
526 3974 587 4042 quis
611 3988 732 4043 unquam
756 3976 796 4026 ita
816 3971 928 4029 locatus
951 3976 1013 4029 essi
1040 3975 1167 4045 Unquam
1190 3978 1264 4026 enim
1287 3971 1322 4024 sd
1343 3988 1452 4045 tempas
1475 3987 1534 4046 spa·

205 4065 282 4119 ctat,
306 4055 434 4121 qemium
450 4046 485 4100 ad
504 4045 614 4100 locam:
637 4060 706 4118 quae
726 4045 781 4099 duo
801 4064 866 4102 sunt
889 4048 1088 4103 dissociabilia.
1129 4049 1201 4121 Lege
1222 4062 1313 4101 totum
1332 4046 1443 4101 locumt

432 4126 467 4184 Δ.
489 4122 545 4193 Qus·
561 4120 642 4175 homo
662 4130 690 4173 te
709 4129 894 4194 exsuperavit
909 4125 1070 4195 uthJuM
1087 4130 1213 4196 gentium
1228 4122 1423 4195 impudentia?

432 4201 475 4254 M.
499 4198 555 4269 Qui
573 4205 667 4249 autem
684 4195 796 4251 malitia
815 4200 865 4252 te?
884 4227 1043 4249 ...-

204 4274 319 4331 Plautus
337 4273 461 4330 Poenulo
481 4274 529 4339 lv,
549 4278 576 4329 2.
705 4275 708 4280 '
1149 4341 1151 4349 k
1340 4263 1350 4310 l
1462 4327 1465 4332 ,

432 4349 531 4420 Neque
546 4352 706 4420 periurior,
728 4363 813 4420 tsequs
826 4354 909 4420 peior
928 4350 1005 4402 alter
1024 4366 1140 4423 usquam
1161 4355 1204 4402 ιιι
1222 4351 1358 4420 gentium,

205 4441 234 4482 et
255 4423 391 4480 Pseudolo
413 4426 441 4491 l,
465 4433 492 4481 l.
1133 4451 1136 4462 ¹

145 4561 151 4570 ,
431 4501 528 4571 Neque
549 4504 595 4552 eat
614 4498 725 4556 libellas
745 4517 809 4572 spes
830 4504 871 4552 sit
890 4514 1008 4573 nsquam
1027 4503 1163 4573 gentium.

205 4578 253 4634 Sic
274 4593 411 4647 nusquam
434 4578 578 4644 gentium,
604 4574 651 4626 abi
672 4580 814 4644 gentiunt,
833 4580 956 4649 passim.

280 4651 373 4708 ibid.
400 4651 479 4721 Quae
499 4653 591 4718 igitur
612 4647 665 4700 Ιιαι
688 4659 771 4703 erunt
792 4652 900 4704 moles?
924 4650 1002 4702 Audi
1020 4648 1172 4722 Thyestem
1191 4654 1299 4721 ipsum:

392 4719 399 4735 ‘
430 4725 536 4797 Impius
556 4722 691 4776 hortatur
712 4743 755 4777 me
768 4724 891 4797 stater,
915 4735 948 4778 ut
968 4744 1045 4779 meos
1066 4728 1150 4778 malis
1172 4730 1258 4777 miser

430 4800 605 4853 Mandarem
624 4808 718 4855 natos.
1024 4825 1028 4834 f

203 4876 311 4932 Eorum
329 4881 441 4931 uiscera
461 4879 593 4946 apponit:
619 4874 687 4946 quid
705 4879 778 4928 sntm
801 4880 860 4941 est,
891 4893 944 4946 qua
966 4891 1024 4930 non
1043 4874 1252 4946 peogrsds'atur
1275 4871 1371 4927 eodem
1392 4878 1456 4941 ira,
1481 4889 1533 4945 qsso

512 5223 527 5281 ι
