3384 5359
577 283 580 294 “
620 353 624 360 .
714 299 896 367 unuln.
923 301 986 366 tv.
1453 259 1515 366 es'r
1589 263 1593 274 ’

178 458 230 497 aut
248 442 353 497 bonum
373 458 421 497 aut
441 442 559 509 maium,
581 459 638 497 nou
661 446 718 497 nisi
745 448 884 498 contortis
906 443 1127 517 syllogismomm
1145 443 1381 498 conclusiunculis
1384 444 1531 518 ,probari

177 523 288 648 metr,
314 535 434 592 qnorum
454 524 571 574 nimiam
592 519 778 620 subtilitatem
797 535 880 593 atque
902 518 971 573 adeo
996 524 1190 594 spinositatem
1213 537 1271 574 non
1294 522 1380 574 semei
1402 519 1514 593 sugillat

257 677 337 742 c't'r.
350 683 487 744 x'xvm.
506 688 587 740 Inter
603 705 699 740 omnes
713 692 787 741 enim
802 694 951 742 convenire
968 695 1089 762 oportet,
1107 694 1306 741 commotiones
1320 694 1477 741 animorum
1493 706 1513 740 a

177 769 261 815 recta
279 767 392 817 ratione
411 777 544 828 averem,
565 781 625 815 esse
643 768 786 817 vitiosas:
807 772 839 815 ut
858 770 945 816 etiarn
963 770 989 816 si
1006 780 1057 816 nso
1073 766 1150 817 raaia
1165 763 1307 830 statilia,
1327 783 1397 836 quae
1409 773 1512 816 metum

180 837 445 908 aegritudinem&
461 847 463 854 ⁴
478 855 531 891 nec
557 838 646 904 bona,
675 859 746 911 quae
770 839 952 911 cupiditatem
976 840 1150 892 laetitiamve
1174 848 1322 903 moveant,
1354 848 1450 892 tamen
1473 843 1513 891 tit

176 920 289 966 vitiosa
312 919 375 985 ipsa
400 914 562 985 commotio]
589 916 686 969 Levius
718 930 792 969 certe
821 919 1005 981 vitium‘est,
1038 930 1161 968 metuere
1187 931 1256 986 quae
1281 913 1354 967 mala
1379 930 1459 978 sunt,
1484 929 1512 968 et

178 988 283 1063 cupide
308 1003 438 1063 appetere
460 1006 530 1059 quae
552 989 624 1042 bona
647 1005 727 1052 aunt3
755 1007 837 1062 quam
860 1006 929 1060 quae
952 991 996 1043 his
1018 995 1173 1044 contraria:
1200 988 1268 1042 illud
1288 995 1363 1044 euim
1385 990 1512 1043 imbecil-

177 1064 271 1118 litatis
291 1062 375 1117 modo
394 1081 453 1130 eat,
476 1065 531 1118 hoo
551 1070 636 1118 etiam
655 1071 786 1137 stuporis.
826 1066 916 1135 Quale
935 1070 1020 1138 igitur
1039 1067 1093 1119 hoc
1112 1081 1154 1118 est
1174 1064 1246 1137 qnod
1264 1065 1347 1120 dicit:
1369 1065 1512 1120 Vitiosum

178 1149 227 1192 est
247 1144 416 1192 commoveri
437 1150 528 1207 mu,
557 1140 681 1194 ETIAM
705 1140 738 1195 sl
760 1140 838 1196 NON
863 1146 901 1192 sit
923 1140 1045 1207 malum,
1074 1140 1150 1211 quod
1169 1143 1302 1192 metuas?
1331 1141 1437 1210 enecat
1459 1155 1510 1194 not

177 1214 325 1289 proiecto,
352 1232 437 1286 quum
457 1213 526 1269 dicit
549 1220 636 1267 etiam
657 1219 698 1266 si:
730 1232 764 1268 eo
788 1217 864 1269 e'nim
887 1214 1020 1282 eflicitur,
1049 1232 1080 1269 nt
1103 1221 1211 1289 gravius
1233 1221 1340 1270 crimen
1360 1221 1512 1284 ezistimet,

177 1307 306 1359 metuere
325 1289 446 1357 malum,
469 1306 553 1361 qnam
573 1308 628 1343 non
647 1290 760 1346 malum.
778 1328 783 1338 .
798 1293 862 1360 Quo
878 1290 945 1362 quid
963 1289 1108 1345 absurdius
1128 1290 1192 1364 fingi
1209 1295 1319 1362 potest?
1345 1294 1428 1346 Recte
1445 1307 1511 1364 ergo

177 1366 291 1419 Fulvius
312 1366 447 1431 Ursinus,
473 1371 520 1439 qui
541 1384 574 1419 ex
590 1383 640 1419 suo
661 1366 759 1419 codice
778 1366 903 1441 legebat:
928 1360 1025 1421 Etiam
1040 1372 1065 1418 si
1080 1369 1156 1418 mala
1171 1372 1232 1419 sint
1426 1366 1510 1430 bona,

176 1460 251 1511 quae
269 1441 469 1512 cupiditatem
500 1441 549 1494 illo
574 1460 625 1494 nec
651 1441 799 1514 utrobique
825 1440 926 1497 deleto.
974 1447 1060 1499 Recte
1082 1460 1190 1513 quoque
1214 1441 1377 1504 Lambinus,
1405 1447 1452 1513 qni
1478 1459 1512 1493 ex

178 1522 344 1570 coniectura
361 1513 533 1589 proferebat:
558 1516 657 1568 Etiam
671 1522 697 1567 si
712 1527 741 1569 et
755 1519 830 1570 bona
1019 1526 1047 1569 et
1067 1519 1152 1570 mota.
1192 1519 1270 1586 Quos
1290 1534 1375 1588 quum
1393 1532 1422 1569 tu
1440 1514 1512 1569 tein-

177 1606 242 1645 tare
257 1592 305 1645 bic
322 1608 464 1664 aggressus
482 1610 526 1658 es,
547 1592 613 1645 alibi
631 1597 689 1645 sine
706 1590 791 1646 dubio
808 1608 974 1665 occupatum
996 1597 1117 1646 animum
1135 1592 1272 1645 habuisti:
1299 1608 1326 1643 et
1346 1607 1424 1646 certo
1443 1597 1511 1656 scio,

177 1684 237 1738 quo
261 1684 290 1719 es
313 1666 417 1720 indicio
441 1682 468 1721 et
495 1673 639 1735 acumine,
670 1667 718 1721 ubi
743 1684 790 1721 tua
811 1665 974 1722 recensendi
998 1668 1049 1724 tibi
1072 1672 1162 1722 otium
1188 1671 1258 1730 erit,
1289 1671 1406 1741 spongia
1429 1671 1512 1720 istam

177 1740 391 1795 adnotationem
409 1747 542 1814 corriges.

257 1834 348 1888 ibid.
383 1836 566 1889 Constantem
602 1839 675 1887 enim
709 1835 846 1908 qroendam
873 1837 1017 1904 volumus,
1054 1835 1197 1902 sedatum,
1226 1854 1361 1905 gravem,
1391 1834 1514 1886 luunona

178 1913 276 1961 omnia
295 1911 480 1984 prementem]
507 1913 563 1981 Qui
585 1915 690 1984 primus
710 1916 768 1965 sive
790 1930 822 1964 ex
841 1918 940 1966 codice
957 1917 1014 1965 aive
1030 1932 1064 1966 ex
1079 1917 1241 1966 coniectura
1261 1909 1513 1965 SPEuNssuTEM

177 1985 316 2058 protulit,
340 1991 363 2040 is
382 1985 509 2059 profecto
529 1990 552 2039 si
573 1987 716 2053 oracutum
733 1987 934 2055 consuluisset,
956 1987 1029 2040 haud
1046 1994 1182 2060 potuisset
1200 1992 1289 2039 verius
1307 1986 1372 2056 quid
1391 2003 1514 2055 pronun-

178 2063 261 2114 tiare.
299 2062 342 2115 Tu
368 2077 462 2115 tamen
488 2076 550 2134 post
572 2062 738 2115 Lambinum
760 2071 936 2134 spernentem
961 2061 1027 2116 illud
1051 2066 1172 2136 spernit,
1198 2055 1339 2134 receptam
1362 2061 1512 2114 lectionem

179 2139 294 2189 retines.
334 2136 478 2202 Premere,
504 2141 612 2209 inquis,
634 2153 677 2191 est
700 2138 830 2199 ealcum,-
852 2138 923 2210 apud
947 2140 1047 2191 Potitus
1071 2137 1197 2210 quidem:
1222 2152 1249 2189 et
1272 2134 1344 2208 opud
1367 2154 1413 2189 eos
1438 2140 1513 2208 ipsos

174 2210 249 2282 pede
267 2229 397 2283 premere
418 2212 461 2265 vel
483 2212 556 2265 uliud
580 2213 646 2285 quid
675 2211 838 2267 adiunctum
861 2213 1093 2285 significationem
1115 2218 1195 2266 istam
1219 2210 1315 2266 efficit.
1354 2217 1388 2264 At
1411 2211 1513 2279 ubique

178 2285 255 2359 apud
275 2287 409 2340 Nostrum
429 2287 558 2340 Premere
582 2304 623 2341 est
643 2306 763 2358 urgere,
786 2307 931 2357 gravare,
956 2308 1082 2348 vexare,-
1109 2305 1269 2358 semperque
1290 2292 1319 2339 iu
1338 2304 1368 2341 se
1387 2290 1514 2340 continet

177 2366 329 2415 notionem
340 2361 485 2416 laedendi:
505 2379 574 2433 quae
590 2363 656 2416 huic
671 2363 736 2417 ioco
751 2368 868 2417 minime
883 2369 1023 2418 convenit.
1051 2365 1121 2436 Lege
1138 2368 1230 2436 itaque
1247 2369 1270 2416 si
1287 2368 1372 2435 sapis,
1392 2361 1515 2412 Mernona

178 2435 277 2489 omnid
300 2437 567 2499 SPERNENTEM;
602 2445 647 2491 cui
678 2456 759 2492 voees
792 2439 873 2512 plane
898 2439 1030 2512 gemellas
1056 2448 1293 2502 contemnentem,
1307 2437 1514 2509 *despicientem

178 2517 290 2584 quoties
314 2517 342 2564 in
366 2513 409 2567 hit
433 2517 500 2587 ipsit
522 2513 603 2567 libris
631 2514 923 2567 habemns'rTuscul.
943 2516 972 2580 1,
996 2519 1042 2573 qo,
1086 2514 1192 2567 Totam
1220 2512 1374 2567 vim'bene
1396 2511 1515 2564 vivendi

177 2593 211 2639 in
233 2593 356 2639 omnium
375 2608 469 2641 rerum
490 2589 671 2643 humanarum
693 2595 904 2662 contemptione
924 2605 957 2644 ac
977 2588 1159 2663 despicientia
1175 2606 1325 2662 ponamus.
1344 2590 1387 2652 ΙΙ,
1408 2590 1434 2646 it.
1473 2586 1514 2641 Te

178 2672 289 2716 natura
307 2664 396 2715 altum
413 2674 442 2717 et
458 2667 580 2719 humana
597 2664 799 2738 despicientem
816 2671 926 2734 genuit.
944 2667 980 2729 ll,
1000 2673 1044 2723 11.
1071 2665 1167 2736 Quid?
1181 2664 1361 2737 fortitudini
1376 2673 1405 2717 et
1420 2681 1515 2715 rerum

177 2739 364 2792 humanarum
393 2738 612 2814 despiciendae,
637 2740 773 2811 quomodo
800 2739 999 2813 respondebis?
1027 2741 1067 2808 tl,
1097 2748 1142 2801 13.
1188 2743 1265 2794 Num
1284 2725 1416 2811 fortem,
1448 2726 1514 2790 nstin

177 2832 317 2884 gravem,
350 2833 417 2867 num
444 2817 565 2869 humana
598 2831 825 2876 contemnentem
845 2823 929 2888 potes
953 2816 1044 2868 dicere
1066 2815 1282 2868 Prometheum?
1308 2816 1366 2880 111,
1394 2822 1419 2871 7.
1458 2813 1514 2883 Qm'

178 2894 306 2942 invictus
323 2893 378 2956 sit,
405 2909 467 2944 eum
484 2894 618 2944 humanas
634 2908 678 2944 res
694 2889 836 2965 despicere
856 2899 939 2961 atque
964 2890 1047 2963 infra
1063 2891 1514 2963 sepositasarbitrart.lil,17.
1535 2925 1537 2930 s
1607 2939 1611 2942 .

180 2965 222 3016 Ut
242 2969 353 3032 omnia,
373 2983 442 3038 quae
460 2982 576 3039 possunt
595 2968 703 3019 homini
725 2972 851 3028 evenire,
872 2981 1036 3020 contemnas
1059 2975 1088 3019 et
1102 2986 1158 3039 pro
1177 2966 1265 3021 nihilo
1281 2974 1373 3038 putes.
1393 2965 1443 3028 lV,
1468 2968 1514 3023 25.

179 3039 406 3094 Contemnendae
424 3050 490 3093 sunt
507 3060 549 3096 res
567 3042 718 3103 humanae,
738 3043 911 3113 negligenda
926 3061 1004 3095 mors
1019 3051 1070 3096 est.
1087 3045 1121 3106 V,
1140 3053 1165 3100 1.
1206 3043 1309 3095 Omnia
1326 3059 1396 3111 qteae
1412 3038 1513 3092 cadere
1571 3039 1579 3043 ”

178 3117 211 3168 in
231 3115 370 3170 hommem
384 3128 520 3190 possunt,
542 3118 638 3170 subter
651 3137 681 3169 se
696 3116 797 3171 habet.-
820 3138 905 3190 eaque
923 3116 1079 3192 despiciens
1098 3135 1178 3172 casua
1195 3121 1352 3170 coutemnit
1369 3117 1512 3168 humanos.

258 3213 338 3265 Cau.
359 3210 468 3266 XXXI.
498 3212 588 3281 Atque
605 3219 635 3272 ut
652 3211 791 3267 confidere
808 3212 903 3279 decet,
924 3218 1024 3264 timere
1040 3230 1097 3263 non
1112 3212 1207 3264 decu:
1226 3217 1266 3261 sie
1283 3210 1409 3279 gattdere
1424 3208 1512 3274 decet,

179 3286 288 3338 laetari
311 3303 368 3338 non
395 3285 487 3358 decet]
514 3285 643 3340 Lambini
669 3287 893 3342 emendationem
918 3287 1115 3341 Dleilussuss
1141 3302 1170 3339 tu
1197 3281 1366 3357 arqnmentia
1394 3281 1512 3338 refutas:

179 3364 252 3414 mihi
269 3376 383 3426 contra,
403 3361 476 3436 qnod
491 3361 564 3414 salva
577 3365 703 3416 amicitia
717 3363 762 3418 fiet
775 3372 852 3430 scio,
874 3367 991 3416 omnino
1005 3359 1112 3415 videtur
1126 3359 1294 3433 recipienda.
1335 3361 1403 3414 Nam
1417 3375 1513 3432 quem-

179 3433 331 3490 admodum
350 3437 476 3506 gaudere
500 3453 527 3491 ut
553 3438 660 3489 laetari
681 3443 755 3492 inter
774 3457 803 3493 se
826 3453 1021 3513 opponuntur,
1045 3440 1087 3489 ita
1108 3441 1205 3488 timere
1228 3453 1264 3489 sc
1285 3433 1440 3508 diffidere:
1464 3451 1512 3508 ptr

178 3517 324 3582 turiusque
343 3517 530 3585 oppositionis
550 3516 623 3566 ratio
640 3527 668 3568 et
685 3513 784 3586 gradus
801 3530 854 3568 est.
894 3522 929 3568 At
948 3510 1090 3585 confidere
1112 3527 1140 3565 et
1161 3517 1261 3563 timere
1280 3529 1314 3564 eo
1334 3511 1419 3565 modo
1440 3516 1512 3564 iuter

180 3604 210 3642 aa
233 3604 427 3662 opponuntur,
457 3605 512 3659 quo
537 3588 663 3657 gaudere
688 3604 716 3643 et
741 3608 886 3651 maerere,-
910 3606 968 3642 non
992 3592 1087 3657 utique
1111 3587 1225 3639 laetato
1265 3588 1341 3640 Haec
1364 3604 1448 3657 quum
1472 3592 1512 3640 ita

178 3667 254 3728 aiut,
278 3663 327 3748 qui
348 3679 421 3718 stare
445 3668 533 3737 possit
555 3662 664 3736 vulgata
683 3662 784 3729 lectio,
807 3682 863 3718 nnn
882 3661 1009 3735 equidem
1031 3660 1120 3717 video.
1160 3664 1216 3725 At,
1239 3666 1349 3733 inquis,
1374 3659 1511 3731 diffidere

179 3751 322 3810 nunquam
337 3738 424 3791 decet.
457 3740 514 3792 Cur
531 3738 610 3792 sodes
627 3738 717 3793 illudi
738 3744 802 3812 qnia
820 3738 970 3811 Corfidere
984 3744 1014 3790 in
1030 3737 1113 3789 laude
1125 3742 1243 3808 ponitur
1260 3736 1372 3791 Tuscui.
1390 3736 1447 3798 lli,
1468 3740 1510 3789 7.:

178 3832 252 3884 ergo
270 3812 322 3866 ltoc
341 3819 482 3886 vituperio
501 3819 555 3879 sit,
579 3832 688 3866 neeesse
707 3824 760 3868 est.
799 3815 883 3885 Quod
904 3812 1020 3889 periude
1043 3828 1085 3868 est
1108 3828 1141 3866 ac
1161 3818 1185 3867 si
1207 3812 1300 3880 dicas,
1325 3817 1390 3885 quia
1411 3810 1514 3864 libera-

171 3889 245 3946 Jitat
264 3889 339 3944 laudi
363 3888 461 3954 datur,
486 3889 549 3944 ideo
572 3887 716 3962 frugalitas
741 3895 809 3944 vitio
828 3888 960 3944 uertenda
982 3905 1034 3958 est.
1074 3890 1162 3942 immo
1183 3905 1247 3942 vero
1267 3906 1412 3959 utrumque
1432 3884 1511 3940 decet

179 3970 211 4022 in
233 3965 298 4019 loco
319 3979 348 4018 et
369 3983 421 4040 pro
444 3983 474 4020 rs
496 3981 576 4019 nata:
605 3980 636 4018 ut
659 3969 735 4021 enim
759 3964 899 4032 confidere
920 3963 1001 4020 fortia
1028 3980 1070 4019 est
1099 3980 1128 4017 et
1153 3967 1290 4027 animosi,
1323 3967 1363 4015 ita
1387 3959 1512 4015 diffidere
1607 4025 1613 4036 x
1679 3953 1680 3960 '

180 4045 256 4095 canti
277 4056 304 4094 et
328 4039 445 4112 providi.
484 4044 531 4097 sic
555 4045 613 4114 ipse
636 4038 670 4093 de
693 4058 723 4093 se
743 4040 904 4104 Tuscum,
925 4046 970 4100 31.
1009 4039 1092 4093 Nihil
1111 4044 1195 4091 nimIs
1218 4046 1330 4108 oportet
1351 4034 1511 4109 confideree

126 4137 135 4152 ³
179 4133 208 4169 et
228 4118 310 4169 Tuso.
330 4117 364 4182 V,
384 4124 409 4172 1.
446 4116 561 4168 Mecum
583 4121 642 4186 ipse
664 4116 863 4181 considerans,
890 4117 953 4170 hiric
978 4121 1081 4187 incipio
1106 4119 1262 4166 sententiae
1284 4111 1338 4184 dif
1355 4113 1430 4165 dere.
1468 4112 1511 4166 De

178 4194 274 4246 Divin.
293 4192 336 4257 il,
354 4199 381 4253 5.
420 4186 561 4261 Quaeram
580 4196 692 4258 omnia,
711 4191 844 4243 dubitans
859 4193 1037 4263 plerumque,
1056 4189 1169 4264 etmihi
1187 4193 1246 4258 ipse
1261 4187 1315 4259 dif
1333 4188 1409 4241 dens.
1450 4188 1509 4240 iam

178 4265 347 4340 quodopud
368 4266 491 4321 Nonium
511 4272 541 4320 in
564 4267 683 4320 Laetori
690 4305 699 4333 ,
723 4267 771 4320 ubi
793 4269 867 4322 hunc
886 4267 981 4320 locum
1000 4264 1110 4330 laudat,
1132 4263 1275 4336 confidere
1294 4262 1378 4317 hodie
1392 4263 1509 4336 degitur,

178 4341 309 4415 equidem
329 4342 467 4396 aditorum
487 4340 552 4395 fidei
574 4359 710 4413 curaeque
730 4340 842 4408 diffido,
869 4358 898 4396 et
916 4360 1013 4396 vereor
1030 4360 1066 4395 ue
1086 4341 1120 4395 ad
1139 4340 1248 4413 vulgata
1268 4339 1355 4393 Tullii
1375 4337 1511 4412 exempla·

176 4424 221 4473 ria
240 4419 336 4471 locum
358 4416 533 4471 retinuerint:
568 4416 616 4470 sed
639 4434 779 4489 utcunque
803 4423 856 4484 sit,
888 4436 946 4474 non
965 4433 1007 4471 est
1027 4433 1059 4470 ea
1081 4419 1168 4472 Nonii
1191 4418 1360 4484 auctoritas,
1390 4430 1421 4468 ut
1445 4430 1510 4469 cum

177 4498 333 4549 sententiae
356 4491 502 4566 dispendio
521 4490 665 4546 codicibus
685 4497 744 4546 eiua
765 4491 973 4547 adhaereamus.
1061 4547 1063 4550 ,
1372 4520 1376 4523 ·

253 4583 346 4641 ibid.
373 4588 454 4639 Fores
479 4585 627 4659 patelmut,
648 4586 683 4638 de
701 4592 857 4659 improviso
878 4585 1064 4659 Chrysis‘ubi
1082 4604 1124 4637 me
1144 4584 1321 4659 adspexerit,

374 4661 490 4752 Alacris
508 4661 622 4714 obuiam
640 4660 709 4714 nulii
722 4663 1026 4735 ueniet,aompiexum
1043 4669 1183 4732 exoptans
1203 4678 1302 4729 unum,

175 4816 271 4888 Quam
290 4811 359 4865 haee
374 4735 498 4882 ζῖιΐὴνξ
510 4736 612 4883 mete,
637 4817 697 4885 ipse
715 4817 774 4874 iana
791 4811 881 4864 dicet:

373 4887 530 4941 Fortunam
547 4893 637 4960 ipram
656 4888 770 4940 anteibo
784 4883 922 4959 [orturus
942 4887 1025 4960 uuis]
