3384 5359
212 275 296 360 xtut
660 273 1130 344 uununuummuuo.

227 435 288 472 esse
312 421 454 492 oportuit,
477 417 553 489 quod
577 416 639 475 tali*
650 417 774 485 critico,
804 435 863 474 tem
889 435 1034 474 emunctae
1060 423 1136 475 norit
1162 417 1288 486 scilicet,
1312 417 1463 494 placuerit.
1503 415 1571 472 sete

226 498 320 560 enirn,
350 493 442 566 qualia
467 493 510 547 illi
531 493 638 548 soleant
663 512 722 548 etse
750 499 780 550 ln
806 494 931 557 deliciis:
952 495 1108 562 obsoleta,
1140 494 1271 561 rancido,
1302 509 1443 560 coenosa,
1473 510 1575 547 rostro

227 567 346 642 denique
366 573 418 622 'suo
432 570 517 622 suillo
532 573 737 625 convenientia.
775 570 830 624 Sed
846 576 991 625 mittamus
1008 572 1100 638 hunc,
1122 586 1151 624 et
1167 570 1202 623 ed
1218 587 1278 624 rem
1297 576 1385 644 ipsam
1405 574 1573 622 veniemus.

226 645 291 701 Non
317 649 409 717 itaque
433 646 487 698 hoo
507 656 582 700 nunc
607 651 714 719 agitur,
748 661 783 700 sn
809 653 933 699 ont'ntnnt
955 645 1077 699 adverti*
1093 651 1185 720 ipsum
1211 665 1260 719 per
1281 663 1310 700 te
1336 664 1409 700 recte
1435 645 1569 698 dicatur:

226 719 257 775 id
276 724 350 774 enlm
371 724 575 786 certissimum,
606 739 688 794 quum
712 739 746 776 ex
764 723 862 776 multis
882 722 1000 776 oliorum
1027 737 1172 776 auctorum
1194 720 1283 787 loeis,
1312 737 1370 775 tntu
1393 726 1573 794 praesertim

228 814 262 850 ea
282 795 381 868 Plauto
401 812 428 851 et
448 797 597 850 Terentio:
629 815 724 850 verum
753 815 785 851 ea
815 798 850 851 lis
876 796 1063 871 disceptatur,
1097 814 1133 850 en
1161 803 1284 850 anunm
1312 796 1465 849 advertere
1489 814 1534 849 re·
1545 810 1573 848 te

227 871 337 925 dicatur
353 875 512 937 transitive,
541 876 775 927 uttecusttirum
796 889 860 948 port
880 892 909 927 se
929 877 1061 947 recipiet:
1083 872 1162 947 quale
1183 874 1231 928 hic
1250 873 1322 938 loci,
1349 877 1480 923 Animosne
1507 871 1572 922 ad-

227 952 304 1002 vertl
332 948 505 999 columellam
529 952 709 1009 eminentemt
741 965 767 1003 et
791 949 885 1003 Dis-in.
914 950 943 1014 1,
971 951 1016 1011 56.
1045 949 1093 1006 ubi
1119 966 1217 1002 omnes
1247 947 1356 1001 codices
1383 952 1424 1001 sic
1450 946 1572 1020 legunt:

228 1022 405 1095 Experr'ectp
424 1027 525 1075 ntttrt'e
548 1023 753 1077 animadvertit
775 1043 893 1096 prterunt
917 1025 1119 1084 dormientem
1146 1040 1182 1077 au
1210 1026 1257 1077 hie
1282 1029 1404 1075 animum
1431 1023 1573 1074 advertit

126 1117 131 1138 t
225 1116 344 1171 prterunt
366 1096 459 1151 dicere
481 1098 617 1152 licuisset.
664 1101 724 1153 Hoc
752 1117 838 1172 nego;
872 1117 900 1154 et
926 1104 955 1153 ln
982 1100 1121 1174 plerisque
1151 1099 1281 1153 omnibns
1309 1098 1460 1171 exemplis,
1491 1115 1571 1169 quae

230 1189 330 1229 eontra
349 1173 510 1238 afferuntur,
529 1190 587 1227 non
608 1179 751 1229 transitive
771 1175 820 1229 sed
840 1173 967 1235 obsolute
988 1181 1053 1249 poni
1071 1172 1251 1229 manifestum
1267 1190 1318 1228 est.
1358 1175 1405 1227 Sic
1424 1171 1459 1226 de
1477 1171 1572 1227 Oine

227 1249 272 1313 ll,
297 1257 358 1314 18„
382 1247 456 1321 quod
478 1248 675 1303 disertissimus
696 1250 829 1305 Graevius
851 1256 957 1326 primus
978 1256 1104 1323 reponit:
1130 1252 1168 1303 Ut
1186 1256 1311 1301 animum
1328 1249 1506 1314 advertant,
1534 1267 1572 1300 ne

227 1342 296 1396 quos
316 1319 471 1395 offendant.
509 1325 692 1379 sinmitrii
710 1325 896 1387 ioeoxxiv.
915 1332 960 1388 ut.
1000 1327 1092 1397 Quam
1110 1328 1264 1378 multorum
1281 1344 1375 1377 rerunt
1390 1331 1451 1397 ipse
1470 1331 1573 1392 igna-

228 1418 279 1453 rtts
296 1408 384 1465 esset,
410 1406 534 1452 animum
552 1400 695 1453 advertit:
721 1418 753 1456 ua
772 1407 876 1476 primus
896 1401 935 1455 ibi
956 1408 1080 1456 restituit
1095 1402 1133 1454 lo¹
1154 1403 1403 1455 Frierronotius
1422 1405 1572 1453 acerrimo

228 1481 271 1530 tir
290 1474 411 1541 iudicio,
437 1475 564 1529 doctrine
587 1491 679 1529 tutem
703 1493 730 1530 et
755 1484 885 1531 acumine
910 1477 1082 1539 admirabili3
1109 1482 1157 1549 qui
1180 1481 1204 1530 si
1233 1480 1262 1529 in
1285 1482 1352 1530 vivis
1374 1492 1465 1540 esset,
1488 1476 1570 1528 nihil

228 1550 313 1606 credo
333 1556 440 1622 aegrius
459 1549 559 1617 ferret,
583 1567 664 1622 quom
684 1551 771 1607 filium
793 1554 848 1608 sibi
871 1571 931 1608 este
955 1570 1011 1607 tam
1036 1557 1144 1625 parenti
1167 1551 1339 1605 dissimilem.
1379 1553 1426 1606 Sic
1449 1556 1477 1604 in
1504 1552 1570 1624 ple-

227 1631 320 1699 risque
343 1628 419 1691 aliis,
447 1642 516 1698 quae
539 1643 586 1681 sut
612 1627 652 1681 ibi
676 1626 710 1680 ab
738 1628 805 1693 illo,
835 1645 882 1682 aut
906 1645 921 1681 a
946 1644 973 1682 te
1009 1629 1057 1681 bie
1090 1626 1280 1689 adducuntur;
1313 1642 1382 1699 qnae
1407 1632 1505 1679 omnia
1532 1627 1568 1678 ed

222 1702 302 1755 ‘hune
324 1702 411 1756 Tullii
432 1701 525 1756 locum
547 1702 619 1756 nihil
642 1709 756 1757 omniuo
779 1702 897 1759 faciunt.
935 1705 1029 1758 Unum
1049 1702 1133 1756 modo
1153 1703 1302 1756 alterumve
1325 1720 1383 1766 est,
1407 1701 1483 1774 quod
1507 1703 1567 1754 hnc

226 1775 317 1829 fecere
337 1778 475 1844 videatur,
498 1793 528 1831 ut
548 1778 660 1832 Sallust.
685 1782 744 1851 lug.
768 1795 829 1853 cap.
849 1783 914 1842 930:
939 1783 1071 1833 Animum
1094 1778 1223 1848 advertit
1243 1783 1320 1829 inter
1335 1796 1409 1830 saxa
1429 1787 1567 1848 repentes

226 1851 361 1906 cochleas.
407 1856 478 1907 llirt.
505 1852 539 1906 de
564 1853 644 1907 Bello
673 1854 748 1908 Alex.
776 1872 838 1930 cap.
864 1860 925 1913 lam:
958 1855 1079 1926 Repente
1104 1854 1256 1922 adeersum
1282 1854 1321 1905 od
1345 1872 1374 1905 se
1400 1859 1566 1905 venientem

225 1945 328 1981 nauem
349 1933 472 1980 animum
496 1927 632 1981 advertit.
671 1929 806 2002 Equidem
829 1936 858 1985 in
882 1931 925 1986 his
946 1931 1032 1984 nolint
1054 1931 1128 1983 hune
1153 1929 1195 1981 vel
1222 1928 1301 1981 illum
1324 1929 1449 1982 codicem
1472 1934 1566 1997 sequi,

226 2021 312 2076 quum
337 2002 425 2057 multo
452 2003 542 2076 plures
574 2003 686 2058 codices
709 2021 737 2059 et
763 2004 900 2060 editiones
922 2024 1017 2059 omnes
1038 2005 1253 2072 Animadverti!
1274 2004 1311 2056 ibi
1333 2004 1465 2057 habeant.
1505 2004 1564 2056 Sed

226 2097 311 2153 quum
325 2075 416 2132 facilis
431 2080 477 2131 ltie
489 2083 526 2131 sit
540 2079 729 2134 Librariornm
748 2080 855 2156 lapsio,
878 2081 952 2153 quod
970 2086 1003 2134 in’
1019 2085 1146 2133 oratione
1165 2081 1257 2133 soluta
1275 2098 1384 2153 temper
1404 2098 1437 2131 eo
1460 2079 1564 2133 ordine

227 2160 354 2222 veniant,
375 2153 504 2225 nulloqqe
517 2171 584 2208 toee
598 2158 778 2229 interposita,
801 2161 934 2210 Animum
946 2161 1090 2208 mlverte't:
1113 2161 1199 2209 tutius
1214 2161 1265 2209 erit
1279 2173 1311 2207 ex
1326 2160 1416 2229 poetis
1430 2157 1562 2227 exempla

225 2246 334 2306 petere:
365 2230 411 2283 ubi
437 2229 566 2282 advertit
590 2246 671 2303 saepe
698 2236 837 2304 praeeedit
864 2239 1004 2295 animum,
1033 2249 1115 2305 seepe
1137 2230 1218 2283 verba
1242 2233 1331 2284 medin
1357 2236 1561 2285 interveniunt.

226 2309 311 2377 Atqui
332 2305 405 2377 apud
422 2306 551 2358 Plautum
568 2305 799 2379 Terentiumque,
821 2307 868 2360 ubi
890 2312 1052 2381 saepissime
1071 2312 1194 2360 occurrit
1216 2310 1281 2360 baec
1301 2307 1423 2370 locutio,
1448 2323 1561 2377 semper

225 2380 350 2434 absolute
373 2386 504 2454 ponitur,
531 2397 671 2454 nunquam
696 2388 856 2438 transitive:
888 2388 942 2436 nisi
967 2380 1039 2436 forte
1062 2381 1113 2433 ltoe
1139 2381 1273 2447 addatur,
1303 2380 1376 2456 quod
1406 2401 1439 2433 ex
1467 2399 1561 2434 vetere

224 2461 362 2529 scriptura
385 2455 437 2508 ltrtc
459 2456 547 2509 velere
568 2473 675 2529 potest,
705 2458 788 2512 Nune
811 2458 863 2510 ltoe
890 2463 1014 2510 animrnn
1038 2457 1174 2509 adverte:
1203 2457 1245 2510 tel
1270 2457 1438 2515 elt'lttnrtsrtf
1443 2479 1459 2518 ς
1477 2456 1561 2525 Quae

226 2534 324 2604 loquor
343 2530 485 2583 advertite
504 2536 644 2584 animum:
668 2534 752 2585 Nltne
771 2553 855 2604 prtum
873 2553 933 2585 rem
951 2539 1024 2586 villo
1043 2534 1109 2584 dent
1128 2551 1230 2604 qtsaeso
1249 2533 1400 2585 advertite.
1429 2531 1460 2585 Si
1480 2539 1558 2585 intra

225 2605 386 2662 huiusmodi
408 2607 557 2678 porticulus
582 2612 751 2675 consistitis,
769 2627 827 2663 nou
847 2608 974 2682 equidem
997 2627 1129 2682 repugno.
1169 2608 1221 2662 Sed
1244 2615 1267 2661 si
1288 2610 1394 2664 adalia
1417 2613 1557 2674 transitis,

225 2679 299 2752 quod
319 2687 407 2735 maius
428 2687 536 2756 signum
556 2700 614 2736 esse
634 2689 738 2756 poterit
757 2682 784 2737 id
804 2701 949 2759 perperam
970 2686 1028 2738 lieri
1036 2725 1044 2750 ,
1067 2701 1149 2756 quam
1170 2683 1242 2755 quod
1264 2689 1316 2756 ipsi
1333 2687 1463 2751 Comici,
1482 2683 1558 2756 apud

225 2774 294 2830 quos
318 2756 400 2829 plena
426 2760 656 2811 Areimismorum
678 2776 754 2833 seges
780 2776 836 2826 est,
863 2777 1003 2833 nunquam
1026 2766 1063 2814 its
1088 2760 1173 2813 locuti
1198 2763 1279 2812 eunti

300 2831 380 2886 Car.
400 2834 506 2888 xxvi.
533 2833 616 2904 Quod
633 2842 743 2900 tamen,
764 2852 794 2889 ut
812 2835 893 2887 itales
914 2854 943 2888 se
963 2854 1025 2902 res,
1048 2854 1091 2886 mr
1105 2844 1199 2887 tomen
1209 2834 1361 2905 plaudente
1374 2833 1457 2901 dicit]
1487 2837 1557 2886 Seu·

224 2912 315 2963 tentia
334 2925 390 2960 non
410 2924 484 2961 recte
505 2909 640 2982 procedit.
680 2912 766 2985 Lege,
792 2911 898 2965 UTUT
915 2911 997 2963 ltabst
1014 2930 1044 2963 se
1067 2928 1128 2978 res,
1152 2929 1195 2962 nte
1214 2919 1327 2970 tantem
1349 2910 1402 2962 hoe
1423 2925 1481 2972 est,
1502 2919 1557 2960 ut-

223 3001 337 3055 cumque
355 2983 489 3035 haletre
511 3002 572 3050 res,
618 2991 720 3040 nemeis
743 3003 800 3039 non
823 3003 919 3041 conste
954 2988 1007 3041 sibi
1030 2992 1105 3059 ipre,
1134 2986 1182 3039 sed
1209 3003 1258 3039 sua
1285 2988 1414 3059 dogmata
1438 3000 1555 3037 evertet.

223 3062 337 3114 Terent.
357 3060 455 3113 Henut.
475 3061 505 3126 l,
526 3065 567 3115 2:
598 3005 669 3114 lltnt
688 3069 767 3126 erat,
795 3081 895 3114 mansu
940 3078 1032 3116 tamen
1049 3067 1182 3133 oportuit.
1223 3063 1335 3138 l’ltprm.
1354 3061 1472 3126 111,2.:
1499 3059 1558 3112 Sed

223 3149 286 3187 utut
309 3133 377 3187 lsaec
398 3144 479 3201 sunt,
506 3150 600 3189 tamen
621 3136 672 3188 noc
687 3133 812 3207 faciant,
935 3139 940 3148 '

277 3207 375 3263 'Catu
394 3211 515 3265 xxiiii.
543 3214 607 3264 Sint
634 3229 702 3263 sane
731 3213 782 3272 illo
809 3230 917 3284 genera
947 3211 1099 3263 bonorum.-
1130 3210 1195 3261 dnm
1220 3213 1347 3281 corporis
1376 3218 1405 3261 et
1432 3218 1554 3262 externa

221 3287 335 3338 luceant
352 3284 442 3352 nunti,
466 3296 495 3339 et
512 3287 719 3350 tantimodo,
739 3291 804 3357 qula
818 3287 952 3344 sumendo
969 3297 1053 3352 sunt,
1073 3287 1250 3357 appellentur
1268 3286 1358 3346 honen
1380 3285 1441 3336 olt'o
1458 3294 1555 3340 atatem

222 3357 390 3411 divinante
413 3362 497 3431 longe
519 3364 628 3434 lateque
650 3380 679 3414 ss
695 3361 826 3436 pandant
848 3365 1004 3436 caelumque
1023 3369 1209 3431 contingant:
1236 3360 1291 3432 [ut]
1312 3380 1346 3412 eo
1366 3366 1413 3431 qni
1431 3360 1552 3431 adeptus

222 3440 279 3499 sit,
312 3449 362 3486 cur
387 3455 449 3488 enm
474 3436 694 3494 healtonrnodo
723 3446 752 3489 et
777 3455 833 3490 non
861 3438 1051 3490 beatissimum
1081 3444 1166 3489 etiam
1199 3435 1353 3505 dixerint]
1381 3436 1429 3489 Sic
1456 3434 1552 3488 lorum

222 3512 398 3580 interpunxi,
422 3526 452 3565 ut
474 3512 517 3566 tel
541 3518 630 3586 prima
650 3511 744 3567 fronte
766 3528 899 3587 appareat
923 3511 958 3572 td
978 3515 1031 3568 UT
1054 3513 1165 3567 officere
1187 3517 1360 3575 sententiae,
1382 3527 1410 3564 et
1435 3509 1552 3584 proinde

222 3601 283 3639 esse
304 3582 459 3640 delendum.
503 3587 539 3641 Et
561 3589 629 3642 olim
653 3587 762 3660 quidem
784 3594 825 3644 tic
850 3588 1043 3643 emendaverat
1065 3587 1232 3650 Lambinus;
1261 3592 1363 3660 sprevit
1386 3605 1451 3640 vero
1475 3584 1552 3642 Geb-

221 3658 340 3724 herdus,
368 3665 414 3731 qui
433 3663 504 3715 nihil
525 3662 596 3716 ultra
615 3662 726 3718 codices
746 3680 842 3737 sapere
863 3681 944 3718 ausus
966 3682 1018 3717 est.

300 3734 354 3789 ibi
364 3738 390 3790 d.
417 3738 495 3807 Quae
510 3747 555 3790 est
569 3733 694 3804 victrix,
718 3758 752 3792 eo
769 3741 844 3792 loeta
856 3739 1088 3812 proseqttenlt'bus
1101 3743 1160 3789 stris
1171 3757 1231 3808 'una
1247 3757 1307 3789 essm
1322 3742 1388 3790 vt‘ro
1403 3743 1433 3788 t'n
1449 3755 1552 3807 rogent

175 3847 178 3854 ι
221 3816 392 3882 imponitur:
418 3812 465 3865 illo
483 3818 557 3867 victu
576 3830 680 3870 maesto
703 3814 834 3884 discedit]
861 3816 976 3869 Dixerat
997 3815 1089 3888 paullo
1110 3830 1190 3878 ente,
1216 3815 1315 3866 Plures
1334 3820 1408 3864 enirn
1426 3814 1551 3880 singulis

219 3887 313 3939 solent
331 3904 390 3942 esse
408 3897 529 3959 nuptae:
552 3890 687 3962 reliquum
706 3906 747 3944 est
769 3896 868 3964 igitur,
893 3908 924 3944 ut
943 3890 1034 3957 dicat,
1053 3891 1123 3942 Illae
1138 3861 1233 3942 victde
1250 3898 1377 3944 maestae
1393 3888 1550 3941 discedunt.
1578 3890 1585 3901 '

298 3965 374 4016 cnr.
395 3965 491 4018 XXX.
519 3964 600 4017 Nlltt'l
618 3965 720 4018 bonnm
745 3972 800 4018 nisi
824 3967 1015 4038 oolrtptntem,
1042 3974 1074 4017 nt
1094 3965 1246 4037 Epicurus,
1276 3964 1350 4015 nt‘ltt'l
1371 3964 1472 4016 bonnm
1494 3968 1551 4014 nt'st'

220 4041 411 4103 vamtatem,
431 4047 464 4089 nt
478 4038 680 4114 Hieronymus]
706 4040 852 4095 Editiones
872 4043 1015 4114 plera'eque
1035 4042 1115 4114 plene
1133 4041 1251 4105 hebent,
1272 4045 1448 4092 vasantem
1465 4039 1551 4091 dolo-

221 4116 273 4164 ris.
312 4111 395 4185 Atqui
419 4113 496 4167 abest
516 4114 551 4167 ab
570 4116 700 4171 omnibus
722 4123 936 4190 manuscriptis,
960 4122 1049 4190 inquit
1068 4116 1247 4171 Gehhordus:
1270 4115 1336 4187 quid
1357 4131 1414 4168 tum
1435 4117 1549 4189 posteri

223 4190 277 4239 etsi
295 4187 349 4241 hoe
367 4203 470 4242 temere
489 4189 595 4244 dietum
613 4197 667 4257 sit,
692 4210 756 4262 nem
778 4199 875 4249 intuo
898 4195 946 4248 illo
965 4197 1069 4247 eximio
1092 4207 1189 4245 exstat.
1228 4191 1260 4244 ld
1282 4195 1440 4266 quaeritur,
1466 4208 1548 4262 quum

222 4259 256 4313 de
283 4262 445 4337 Hieronymi
465 4273 601 4320 sententio
623 4271 691 4321 satis
714 4285 839 4335 constet,
865 4285 901 4323 an
921 4270 989 4324 illud
1010 4267 1174 4323 Dolonis
1194 4271 1279 4321 taceri
1299 4267 1391 4319 hicet
1414 4264 1549 4319 subintel·

222 4335 272 4410 ligi
289 4338 436 4392 commode
454 4346 551 4412 possit.
589 4342 649 4416 Ego
667 4357 731 4395 vero
749 4362 837 4417 nego,
856 4363 890 4399 ex
905 4349 1046 4399 communi
1064 4343 1194 4416 loquendi
1210 4357 1307 4396 norma
1320 4343 1440 4394 Doloris
1457 4346 1548 4413 potios

220 4412 270 4465 hic
292 4413 480 4488 subintelligi,
511 4432 593 4488 quom
611 4417 777 4489 voluptatis.
824 4413 920 4493 Neque
940 4426 1103 4476 Ciceronem
1123 4425 1163 4472 ita
1182 4423 1326 4491 scripsisse
1348 4416 1391 4470 tel
1410 4422 1547 4470 sexcentis

219 4486 342 4542 librariis
363 4488 443 4544 fidem
464 4491 596 4546 habuero.
634 4495 728 4562 Quum
746 4498 820 4548 enim
841 4501 974 4549 vastatas
993 4501 1053 4569 ipsa
1073 4513 1123 4568 per
1141 4512 1170 4548 se
1189 4510 1288 4567 tagum
1306 4491 1439 4564 quiddam
1459 4509 1485 4546 et
1507 4496 1548 4545 in·

221 4561 435 4618 determInatum
458 4572 512 4632 sit,
532 4573 579 4638 qui
603 4584 674 4623 tacet
696 4584 728 4621 ac
749 4587 805 4622 non
828 4569 969 4638 declnrnt,
994 4577 1139 4626 cuiusnam
1160 4574 1199 4624 rei
1223 4573 1388 4623 vacuitatem
1413 4568 1495 4633 velit,
1523 4571 1546 4621 is

220 4638 349 4713 prolecto
369 4641 440 4693 nihil
458 4641 537 4696 dicit.
577 4646 633 4697 Cur
652 4660 746 4698 sutem
765 4643 883 4712 Noster,
907 4646 955 4699 ubi
976 4648 1047 4700 hane
1068 4649 1230 4721 Hieronymi
1254 4648 1418 4698 sententium
1439 4647 1546 4716 saepius

177 4746 182 4758 ·
221 4713 322 4783 refert,
348 4732 483 4787 nusqutm
507 4716 576 4772 tlibi
598 4721 650 4772 hnc
673 4725 829 4793 aposiopesi
855 4724 961 4776 utitur?
993 4738 1024 4776 ut
1046 4723 1088 4775 De
1110 4725 1168 4777 Fin.
1193 4724 1287 4787 11,5.
1325 4719 1356 4771 Si
1377 4725 1451 4771 enin
1476 4717 1548 4770 iden

219 4790 290 4842 dnn
301 4791 376 4863 prend
387 4793 593 4866 Hieronymus,
620 4800 667 4866 qui
678 4806 772 4848 censet
784 4815 920 4850 stnnntttrn
932 4798 1034 4849 bonnm
1052 4803 1182 4850 essentne
1197 4802 1273 4849 ornnt'
1286 4796 1415 4848 molestia
1430 4801 1544 4852 vinem

218 4883 269 4918 eur
281 4868 392 4922 mavult
403 4868 495 4922 dicere
506 4870 696 4944 volrtptntem,
717 4890 800 4943 qnam
813 4873 848 4928 V
845 4872 1083 4933 ACUITATEM
1094 4872 1281 4930 Domitio?
1307 4887 1335 4928 ct
1351 4889 1434 4942 mox,
1456 4871 1546 4941 Qua!
