3384 5359
631 264 737 329 PAR.
754 263 826 328 til.
873 261 916 326 C.
940 268 972 326 1.
996 264 1028 325 2.
1427 261 1489 327 185

165 426 235 489 qno
268 401 368 487 magis
402 403 503 467 virtu·
535 402 597 467 sit:
643 402 720 467 nihil
753 401 856 477 demi,
896 411 930 464 ut
965 399 1092 464 virtutis
1127 383 1487 486 nomen'relinqnatnr.

166 498 297 562 Etenim
320 496 345 561 si
369 499 550 561 benefacta
572 502 657 562 recte
679 499 763 563 sacta
786 506 876 572 sunt,
901 505 934 558 et
958 493 1034 558 nihil
1054 505 1145 559 recto
1166 494 1307 558 rectius:
1341 508 1502 562 certene·
1567 512 1570 519 ·

166 593 272 655 bono.
288 591 441 675 quidem¹
471 591 583 655 melius
613 592 781 678 quidquam
808 587 942 653 inveniri
964 598 1084 671 potest.
1129 588 1280 673 Sequitur
1300 587 1416 673 igitur,
1453 598 1489 653 ut
1592 590 1597 599 ’

167 685 263 748 etiam
284 684 361 749 vitia
384 686 446 775 siut
467 686 576 769 pariat
613 687 638 748 si
660 686 784 770 quidem
806 683 978 767 pravitates
1008 680 1100 744 animi
1121 694 1209 745 reete
1231 682 1305 744 vitia
1328 682 1488 745 dicuntur.

168 779 273 862 Atqui
296 779 443 860 quoniam
466 801 561 861 pares
582 781 716 842 uirtutes
738 790 837 852 suut,
866 786 955 841 recte
983 775 1100 851 faeta²‚
1135 775 1303 862 quoniam³
1325 796 1341 839 a
1363 775 1491 841 virtuti·

112 864 139 949 ‚¹
169 873 231 934 bus
252 873 519 954 proficiscuntur,
553 875 640 956 paria
663 894 732 935 esse
754 875 889 935 debent:
928 870 1065 952 itemque
1092 878 1242 950 peccata,
1277 870 1425 954 qiionianr
1447 889 1490 932 ex

170 964 256 1052 uitiis
290 977 433 1040 manant,
470 966 533 1029 sint
562 966 705 1051 aequalia
733 986 861 1030 necesse
893 976 953 1027 est.
1012 961 1060 1027 ΙΙ.
1098 963 1151 1027 tt.
1185 963 1240 1037 „A
1267 962 1488 1046 philosophis,
1543 990 1546 999 ·

170 1056 307 1141 inquit⁴,
341 1057 400 1121 ista
428 1059 559 1121 sumis.’'
601 1060 806 1133 Metuebaur,
839 1079 879 1121 ne
900 1079 919 1121 a
943 1055 1109 1121 lenonibus
1138 1055 1272 1120 diceres.
1317 1061 1490 1129 „Socrates

170 1150 354 1234 disputabat
374 1153 436 1216 isto
459 1152 586 1237 modo.”
629 1154 715 1217 Bene
743 1152 901 1215 hercule‘
930 1156 1048 1214 narras.
1091 1149 1172 1237 Nam
1194 1149 1288 1213 istum
1311 1152 1438 1215 doctum
1460 1161 1492 1214 et
1599 1218 1602 1225 ,

170 1244 344 1328 sapientem
374 1244 477 1308 virum
515 1244 615 1308 luisse
652 1244 824 1310 memoriae
857 1244 1007 1307 traditum
1036 1253 1096 1307 est.
1146 1244 1211 1306 Sed
1238 1254 1342 1306 tamen
1372 1264 1498 1329 quaero,
1584 1266 1588 1271 ·

121 1382 128 1393 ·
172 1363 215 1403 ex
237 1351 287 1414 te,
318 1338 508 1423 (quoniam⁶
530 1339 637 1403 verbis
659 1340 741 1404 inter
762 1360 822 1404 nos
845 1334 1082 1413 contendimus,
1106 1357 1170 1399 non
1193 1336 1353 1422 pugnis‚)
1385 1349 1492 1401 utrum

172 1435 214 1497 de
241 1432 362 1495 bouis⁷
390 1442 438 1495 est
467 1435 678 1516 quaerendum
707 1433 784 1519 quid
810 1430 908 1496 baiuli
933 1441 1027 1514 atque
1049 1428 1208 1511 operarii,
1243 1450 1301 1507 an,
1336 1431 1410 1515 quid
1432 1434 1493 1497 ho·

173 1525 274 1588 mines
304 1525 476 1589 doctissimi
505 1528 683 1592 senserint?
717 1524 906 1610 praesertim
933 1545 1028 1609 quum
1053 1523 1113 1586 hac
1135 1524 1288 1621 sententia
1309 1544 1374 1587 non
1395 1529 1492 1592 niodo

172 1620 304 1696 verior,
341 1622 398 1683 sed
429 1641 468 1683 us
501 1620 611 1686 utilior
645 1621 769 1706 quiidem
800 1619 962 1685 hominum
996 1616 1080 1680 vitae
1111 1616 1247 1698 reperiri
1279 1617 1342 1679 ulla
1376 1620 1517 1706 possit.

54 1746 65 1763 .
111 1742 113 1751 ·
174 1713 267 1794 Quae
289 1711 337 1776 ris
360 1725 407 1777 est
429 1714 544 1792 eniml,
569 1739 649 1800 quac
671 1716 773 1801 magis
796 1723 902 1776 arceat
922 1710 1066 1776 homines
1089 1710 1127 1772 ab
1146 1709 1350 1792 improbitate
1373 1712 1491 1791 omni⁹,

174 1827 269 1892 qnam
292 1806 319 1870 si
340 1808 516 1884 senserint,
548 1810 664 1872 nullum
687 1811 718 1872 in
741 1808 863 1872 delictis
885 1826 954 1870 esse
975 1801 1168 1867 discrimen?
1203 1808 1338 1887 aeque¹⁰
1359 1827 1494 1889 peccare

174 1922 230 1977 se,
255 1900 282 1963 si
303 1901 457 1984 privatis,
471 1922 476 1925 ·
492 1923 530 1964 ac
551 1906 579 1966 si
607 1928 623 1961 r
637 1903 840 1988 agistratibus
857 1921 972 1989 ¹munus
994 1895 1187 1963 afferantss?
1223 1919 1441 1987 utrumcunque
1462 1901 1493 1965 in
1537 1938 1542 1958 .

175 1995 303 2057 domum
326 2004 471 2075 stuprum
493 1994 674 2072 intulerint,
699 1999 826 2060 eandem
851 2016 919 2059 esse
942 1994 1043 2056 labem
1061 1990 1225 2075 libidinis?
1267 1993 1320 2056 21.
1343 1995 1495 2075 ,Nihilne

174 2085 277 2169 igitur
297 2086 429 2150 interest
458 2088 632 2160 (namhoc
658 2088 740 2152 dicet
761 2089 894 2175 aliquis)
922 2098 1043 2169 patrem
1073 2084 1143 2169 quis
1173 2088 1325 2163 enecetss,
1365 2105 1403 2150 nn
1426 2110 1495 2151 ser·
1601 2108 1604 2117 ·

175 2178 304 2243 vum'?”
326 2172 418 2245 Nuda
440 2181 498 2244 ista
520 2182 548 2245 si
568 2204 670 2266 ponas
680 2185 717 2261 ¹³,
738 2182 882 2258 iudicari,
898 2179 1001 2267 qtialia
1023 2179 1097 2252 siut,
1114 2198 1178 2242 non
1200 2177 1293 2242 sscile
1314 2182 1495 2262 possuut¹⁴.

176 2274 307 2339 Patrem
330 2274 393 2337 vita
414 2274 545 2356 privare
567 2279 594 2339 si
615 2298 675 2359 per
695 2297 730 2341 se
752 2270 854 2340 scelus
877 2286 943 2339 esta
967 2268 1230 2359 Saguntini,¹qui
1249 2284 1396 2352 parentes
1419 2280 1495 2339 suos
1602 2324 1608 2336 .

174 2367 298 2431 liberos
319 2367 439 2442 emori,
477 2390 569 2452 quam
596 2391 708 2437 servos
737 2372 847 2434 rivere
878 2370 1069 2442 maluerunt,
1105 2363 1283 2447 parricidae
1298 2367 1325 2407 ¹⁶
1351 2366 1494 2432 iuenmt.

177 2460 276 2543 Ergo
299 2471 330 2521 et
350 2460 475 2543 parenti
495 2483 718 2548 nonnunquam
740 2461 834 2527 adimi
855 2464 921 2527 rita
942 2463 1009 2528 sine
1038 2460 1159 2527 scelere
1183 2469 1309 2545 potesta
1346 2473 1378 2526 et
1397 2482 1499 2525 servo

175 2574 273 2634 saepe
293 2552 361 2617 sins
382 2553 495 2619 iniuria
517 2578 580 2622 uon
608 2568 727 2642 potest.
782 2556 889 2624 Causa
915 2557 1016 2643 igitur
1036 2557 1133 2633 haec,
1166 2576 1231 2618 non
1253 2565 1363 2618 natura
1387 2556 1498 2618 distin·

177 2645 265 2731 guit3
302 2669 385 2733 quae
414 2652 540 2732 quando
568 2652 676 2716 utro¹⁶
697 2652 850 2728 accessit,
883 2651 915 2715 id
937 2651 971 2713 llt
992 2647 1200 2733 propensius3
1237 2646 1300 2712 si¹⁷
1321 2648 1495 2734 utroque¹⁸

176 2741 322 2804 adiuncta
352 2754 400 2806 est
409 2742 445 2819 ¹⁹,
483 2744 572 2827 paria
600 2746 692 2823 fiant,
731 2767 860 2810 necesse
889 2756 951 2810 est.
1005 2745 1058 2809 25.
1094 2745 1179 2808 Illud
1210 2756 1313 2809 tamen
1345 2742 1494 2819 interest,

176 2836 266 2917 quod
286 2835 318 2898 in
340 2856 437 2901 servo
458 2839 619 2919 necando,
654 2840 683 2903 si
703 2839 734 2904 id
758 2839 833 2903 flt²⁰
855 2839 986 2917 iniuria,
1019 2839 1114 2903 semel
1136 2849 1304 2921 peccatum
1341 2836 1373 2901 in
1395 2835 1495 2920 patris

175 2928 241 2989 riu
265 2928 412 2992 violanda
433 2932 527 3004 multa
549 2944 735 3014 peccantur.
779 2935 930 2999 Violatur
952 2934 998 3012 is,
1032 2932 1088 3020 qui
1117 2929 1323 3015 procreavit:
1361 2932 1405 3007 is,
1441 2928 1497 3015 qui
1553 2936 1556 2941 '

176 3019 275 3083 aluita
310 3021 355 3098 is,
391 3024 447 3109 qui
468 3027 623 3090 erudivit:
660 3027 704 3106 is,
739 3027 793 3115 quii
814 3029 844 3093 in
866 3030 940 3093 sede
967 3049 1005 3092 ac
1025 3004 1121 3091 ‹lomo
1143 3023 1238 3110 atque
1259 3026 1290 3089 in
1311 3024 1496 3106 republica

175 3113 362 3179 collocarit.
414 3118 621 3185 Multitudine
656 3136 861 3205 peccatorum
895 3133 1057 3207 praestat,
1101 3140 1204 3202 eoque
1237 3139 1341 3201 poena
1377 3115 1496 3201 maiore

175 3205 292 3291 dignus
314 3220 375 3272 est.
420 3211 482 3275 Sed
504 3235 562 3305 nps
583 3216 617 3278 in
639 3215 724 3293 vita,
748 3239 813 3281 non
834 3238 915 3302 quae
937 3215 1051 3300 cuique
1072 3224 1206 3297 peccato
1227 3232 1332 3295 poena
1354 3209 1413 3288 sit,
1440 3212 1497 3275 ssd
1547 3256 1549 3260 »

176 3350 1493 3389 -ῄΗ--ῇ--ιύ--ι--η

252 3450 292 3526 (1)
324 3480 362 3498 -
389 3473 439 3508 nec
466 3459 529 3512 naa.
559 3478 586 3532 p.
615 3461 658 3515 M.
686 3461 745 3517 Ma.
773 3463 808 3521 Β.
839 3461 963 3539 (-.uec
981 3462 1054 3516 bono
1071 3460 1219 3533 quidquam
1237 3468 1275 3514 ιη’.
1296 3460 1352 3516 Gn.
1381 3489 1420 3507 -
1443 3460 1498 3518 del.

174 3525 284 3597 peridem
304 3528 369 3582 Βοὴ.
390 3537 417 3587 2.
443 3528 477 3586 de
503 3534 631 3589 Rhnnck.
660 3534 693 3587 ad
711 3537 797 3592 limat
816 3538 884 3609 lap.
904 3557 932 3613 p.
954 3541 1017 3596 129.
1045 3540 1192 3592 sententis.
1230 3555 1255 3589 r.
1274 3535 1380 3591 Ger-nh.
1401 3534 1497 3612 Add.)

176 3598 217 3669 (1)
238 3631 270 3643 -
292 3612 366 3656 recte
385 3612 472 3659 etiam
481 3605 517 3678 f.
542 3609 589 3664 Cr.
602 3610 645 3665 M.
665 3611 723 3666 Mt.
736 3614 919 3668 tt-euam
939 3622 1012 3666 recte
1022 3610 1057 3685 f.
1077 3613 1110 3667 L.
1146 3609 1184 3687 (1)
1203 3612 1332 3667 storum
1352 3613 1497 3685 permultis

174 3676 210 3733 Β.
229 3678 293 3731 Bas.
316 3680 347 3733 1..
366 3682 397 3735 Ρ.
416 3683 583 3754 -quando
603 3688 711 3750 Ceteri;
731 3688 803 3759 qnod
822 3689 877 3743 hoo
896 3687 1006 3760 quidem
1025 3688 1045 3745 l.
1065 3693 1202 3761 ingratam
1222 3684 1306 3740 infert
1327 3682 1501 3751 varietatem)

92 3750 104 3763 ⁵
174 3751 217 3899 (1)
250 3752 298 3806 Sic
318 3756 351 3810 tt.
370 3757 433 3810 Ber.
455 3757 509 3812 Gn.
528 3778 555 3833 p.
576 3776 600 3814 a.
620 3761 668 3816 Cr.
688 3764 719 3816 V.
740 3764 809 3817 Lali.
834 3765 940 3819 Geruli.
968 3768 997 3817 ln
1016 3761 1092 3823 ndu.
1107 3766 1187 3834 Borg.
1218 3787 1252 3805 -
1277 3766 1369 3833 inquis
1394 3764 1496 3818 Cereri.

175 3826 205 3958 g
248 3829 341 3902 81οΡ-
363 3830 409 3885 Gt·
430 3834 462 3884 V·
482 3834 524 3890 M.
544 3836 603 3891 Ma.
625 3839 658 3890 Η.
685 3860 724 3897 =
740 3837 831 3891 hercle
852 3840 883 3894 L.
905 3839 1009 3895 Ceteri.
1047 3839 1130 3893 Mox:
1156 3864 1194 3880 -
1206 3834 1303 3907 finisse
1321 3843 1414 3889 viriam
1432 3838 1496 3892 Bar.

206 3922 232 3956 n.
277 3903 315 3970 (5)
341 3922 404 3959 cnm
424 3909 569 3980 permultis
589 3912 622 3965 Β.
642 3915 705 3968 nae.
725 3919 778 3968 Gn.
799 3933 826 3988 p.
846 3916 878 3968 V.
899 3915 931 3969 L.
950 3942 987 3958 -
1006 3912 1117 3986 qnando
1136 3912 1238 3967 ceren.
1284 3908 1322 3986 (1)
1351 3912 1398 3966 Sis
1418 3915 1448 3967 Β.
1468 3931 1496 3987 p.

174 3979 236 4032 vM.
259 3988 284 4035 1.
303 3987 331 4036 2.
351 3981 387 4036 G.
406 3983 442 4036 N.
472 4012 509 4026 -
529 3994 623 4041 utrum
637 3994 734 4057 potius
753 3989 787 4040 de
805 3989 886 4041 bonis
904 4008 933 4043 a.
958 3989 1005 4043 Cr.
1026 3989 1068 4044 M.
1088 3988 1146 4041 Ma.
1174 4014 1213 4029 -
1231 3995 1324 4038 utrum
1342 3987 1423 4039 bonta
1441 3987 1496 4043 Gn.

174 4052 210 4109 V.
230 4057 260 4110 P.
280 4066 307 4118 5.
327 4056 360 4109 ΙΙ.
389 4068 427 4098 -·-
446 4066 573 4112 utrumne
592 4061 671 4113 bonis
690 4067 752 4118 Bas.
776 4088 818 4109 ·-
837 4075 931 4116 utrum
946 4071 1042 4137 potins
1059 4072 1102 4116 est
1119 4083 1145 4135 q.
1165 4063 1198 4116 L.
1246 4062 1285 4134 (⁸)
1314 4060 1362 4115 Sic
1380 4064 1413 4118 Β.
1433 4066 1496 4118 Bas.

175 4130 232 4183 Gn.
265 4130 297 4186 Β.
330 4149 357 4204 p.
390 4147 415 4185 a.
445 4135 477 4186 V.
511 4136 541 4188 L.
574 4138 604 4190 P.
629 4159 672 4196 ·=
702 4144 776 4192 enim
806 4149 850 4193 est
880 4144 981 4196 Ceteri.
1016 4144 1072 4204 (—
1102 4155 1158 4192 om.
1191 4145 1235 4191 art
1265 4138 1312 4191 Cr.
1345 4138 1387 4193 M.
1418 4140 1497 4207 Mt.)

174 4203 214 4272 (⁹)
242 4218 280 4261 =
298 4211 374 4257 omni
392 4211 473 4280 lmpr.
493 4211 558 4264 Bas.
579 4212 610 4265 Ε.
631 4213 662 4267 L.
712 4214 761 4280 (¹⁰)
790 4230 828 4268 so
845 4224 875 4268 et
893 4234 977 4288 acque
1000 4215 1054 4270 Gn.
1073 4216 1117 4269 Cr.
1139 4216 1182 4269 Μ.
1201 4214 1234 4269 Ι..
1280 4209 1331 4286 (11)
1358 4241 1397 4256 ·-
1414 4211 1497 4284 infe-

173 4288 277 4332 rantur
306 4281 363 4351 Cr.
384 4311 422 4324 -
449 4283 582 4355 inferant
609 4287 651 4341 M.
681 4288 738 4341 Ma.
789 4291 840 4357 (11)
872 4292 920 4346 ste
951 4291 1006 4345 Gn.
1039 4295 1095 4358 (ω
1122 4295 1216 4341 enecet
1243 4292 1323 4359 prtia)
1354 4292 1381 4346 5.
1413 4289 1496 4360 Beqq.

172 4383 214 4398 -
231 4363 311 4408 necet
330 4376 356 4429 p.
377 4372 400 4410 t.
419 4362 450 4411 V.
472 4360 513 4413 M.
533 4362 591 4414 Ma.
612 4363 644 4415 L.
664 4366 694 4418 P.
733 4366 783 4433 (¹³)
802 4395 839 4410 ·-
855 4383 944 4438 ponas
963 4365 994 4419 L.
1013 4365 1044 4421 P.
1084 4363 1134 4439 (11)
1153 4391 1191 4408 -
1208 4362 1333 4415 irrdloare
1351 4394 1371 4406 -
1390 4395 1408 4406 -
1424 4382 1497 4435 pos-

172 4447 237 4481 sum
256 4432 289 4484 B.
312 4434 372 4485 lits.
411 4433 461 4501 (¹⁵)
487 4456 523 4491 =
538 4436 700 4507 patricialae
720 4428 752 4493 L.
797 4438 848 4514 (¹⁶)
875 4440 922 4493 Sic
941 4442 1018 4504 Μ.
1038 4440 1118 4512 Seqq.
1139 4467 1176 4499 -,-
1194 4436 1303 4510 quando
1322 4437 1397 4489 ultro
1414 4439 1447 4491 Β.
1486 4476 1496 4492 .

174 4521 202 4558 a.
232 4535 267 4548 -
293 4505 401 4577 quando
425 4508 510 4561 alteri
534 4512 581 4565 Cr.
609 4513 652 4566 M.
683 4514 740 4567 Ma.
773 4546 809 4560 -
828 4521 959 4587 quoniam
980 4506 1046 4567 ntro
1071 4515 1103 4568 V.
1136 4542 1172 4557 -
1191 4517 1320 4586 paeoniam
1346 4513 1437 4564 alter-d
1464 4458 1494 4567 L.

173 4578 226 4647 (¹⁷)
257 4596 296 4633 ω
312 4588 358 4634 sin
379 4583 408 4634 P.
459 4583 509 4650 (1⁸)
540 4604 578 4628 ⁴·-
596 4593 723 4660 ratrirrque
742 4592 774 4645 B.
805 4619 844 4633 ·-
863 4597 972 4662 utrique
989 4592 1041 4659 ¹Cr.
1063 4591 1104 4645 M.
1121 4589 1182 4644 Mn.
1232 4587 1282 4655 (¹⁹)
1315 4588 1361 4641 stc
1379 4592 1410 4641 Β.
1430 4589 1495 4649 Bas.

175 4658 231 4709 Gn·
259 4675 285 4727 p.
304 4656 337 4710 V.
364 4656 395 4709 L.
422 4658 454 4712 P.
485 4688 523 4702 -
541 4667 579 4713 rit
606 4664 712 4721 Cr.,M.
733 4667 791 4718 Ma.
812 4672 839 4726 5.
867 4668 948 4739 seqq.
981 4664 1037 4740 (·-
1054 4669 1202 4718 conternata
1223 4666 1254 4719 Β.
1273 4664 1336 4717 Bar.
1357 4660 1411 4717 Gn.
1431 4680 1495 4717 cuni

174 4729 308 4805 plerisq.)
359 4729 409 4806 (11)
441 4734 488 4787 Sic
513 4752 577 4790 cnm
603 4741 746 4810 permultis
772 4745 803 4795 Β.
829 4742 892 4795 Bas.
922 4760 948 4816 p.
979 4758 1003 4795 a.
1025 4743 1056 4796 V.
1079 4744 1107 4794 P.
1131 4742 1160 4793 L.
1188 4743 1215 4792 in
1243 4755 1281 4792 ru.
1302 4741 1382 4796 1581.
1413 4767 1452 4781 -
1470 4744 1496 4794 st

175 4805 252 4856 adsi!
271 4812 376 4857 iiriraria
395 4808 441 4862 Cr.
464 4810 504 4865 Μ.
524 4812 583 4867 Ma.
603 4814 635 4867 Ι..
656 4816 738 4874 1566.
758 4823 785 4877 5.
807 4816 887 4893 Seqq.
907 4823 960 4884 (-
982 4824 1006 4867 st
1025 4816 1057 4867 id
1067 4814 1128 4888 stat
1147 4815 1201 4867 Gn.
1221 4830 1284 4885 cum
1305 4813 1395 4881 aliis.)

233 4908 301 4949 ciaet.
318 4909 406 4950 tinent.
1125 4891 1162 4951 li}
