3384 5359
621 321 714 386 ιιι.
738 321 806 385 ιιι.
848 319 889 386 c.
914 258 955 385 ss
973 298 1025 383 in.
1049 322 1105 384 tt.
1293 384 1309 409 ,ἢ
1397 284 1400 290 ’
1460 320 1501 385 ss

161 464 214 529 Ut
234 463 504 545 Theophrastus,
529 461 691 527 interitum
713 463 886 545 deplorans
910 460 1097 527 Callistheni
1108 463 1130 538 ¹,
1163 461 1280 527 sodalis
1302 460 1368 535 sni,
1403 464 1500 526 reum
1616 438 1625 465 ⁸

61 554 75 562 ⁸
162 558 356 622 Aleiandri
377 556 544 639 prosperis
574 557 727 642 angiturz
765 557 873 640 itaque
904 557 1003 630 dicit,
1043 554 1272 619 Callisthenem
1294 555 1443 623 incidisse
1466 555 1504 619 int

167 653 332 716 hominem
355 674 474 715 summa
497 653 639 733 potentia
662 673 844 739 summaque
866 651 1014 727 fortuna,
1049 653 1104 713 sed
1126 649 1274 735 ignarum
1296 653 1503 735 quaemadmo-

163 749 243 811 dum
264 749 361 809 rebus
382 744 552 808 rectrudis¹
575 746 620 809 uti
641 746 840 809 eottveuiret.
884 745 985 826 Atqui
1004 747 1267 829 quemadmodum
1285 744 1501 808 misericordia

166 840 342 924 aegritudo
371 852 419 903 est
448 858 490 902 ex
519 839 648 903 alterius
677 841 788 908 rebus.
805 839 966 912 adversts3
1000 839 1046 902 sic
1069 837 1239 902 invidentis
1262 840 1430 923 aegritudo
1452 849 1502 902 est

164 954 213 997 ex
235 934 365 998 alterius
389 935 486 996 rebus
508 935 665 997 secundis.
712 934 760 997 'ln
783 956 878 1015 quem
901 931 1000 1017 igitur
1022 934 1105 1011 cadit
1128 932 1289 1008 misereri,
1312 933 1343 996 in
1367 937 1500 997 eundem

165 1028 264 1092 etiam
285 1026 439 1091 inridere.
497 1029 804 1091 Non’cadit'autem
825 1026 970 1090 invidere
991 1026 1033 1093 in‘
1045 1027 1239 1110 sapientem:
1277 1048 1358 1112 crgo
1381 1048 1422 1090 ne
1441 1025 1501 1090 mi·

165 1121 271 1185 sereri
293 1120 433 1206 quidem.
489 1121 587 1201 Qrsod
607 1121 634 1184 si
656 1123 774 1205 aegre³
796 1120 885 1184 ferre
906 1122 1031 1202 sapiens
1053 1123 1193 1197 soleret,
1232 1120 1374 1187 misereri
1407 1121 1501 1183 ctiam

166 1215 303 1278 soleret.
361 1217 465 1278 Abest
494 1226 624 1300 crgota
647 1216 789 1298 sapiente
811 1215 993 1301 aegritudo.
1053 1216 1106 1279 22.
1130 1217 1222 1279 Haec
1243 1215 1289 1277 sic
1311 1216 1500 1277 dicuntura

166 1309 307 1385 Stoicis,
347 1310 643 1392 concludunturque
676 1308 871 1373 contortius.
928 1312 991 1372 Sed
1024 1310 1118 1372 latius
1151 1309 1333 1393 aliquanto¹
1367 1308 1501 1398 dicenda

166 1416 298 1469 suntet
327 1404 491 1466 diffusius:
529 1406 689 1467 scutentiis
722 1415 823 1466 tamen
847 1405 1017 1467 utendum⁶
1040 1425 1151 1467 corum
1173 1403 1390 1486 potissimum,
1425 1400 1501 1486 qui⁶

168 1497 306 1561 maxime
337 1497 415 1563 forti
444 1510 493 1571 et,
529 1509 564 1561 ut
585 1499 626 1560 ita
644 1499 770 1575 dicam,
810 1497 898 1561 virili
921 1508 1050 1560 uttmtur
1071 1498 1195 1562 ratione
1218 1509 1312 1582 atque
1333 1496 1499 1569 sententia.

166 1592 257 1657 Nam
287 1591 515 1675 Peripatetici,
548 1592 722 1655 familiares
752 1592 873 1669 nostri,
908 1591 1023 1676 quibus
1052 1590 1129 1654 nihil
1162 1603 1210 1655 est
1243 1591 1388 1667 uberius,
1422 1588 1501 1652 nihil

168 1684 345 1792 eruditius,
370 1686 446 1748 nihil
469 1686 617 1772 grunitu,
642 1687 898 1750 mediocritates⁷
921 1686 972 1748 vel
993 1687 1269 1791 perturbationum
1293 1688 1345 1749 vel
1367 1685 1499 1753 morbo·

169 1800 245 1844 runt
267 1778 360 1842 animi
382 1779 458 1847 mihi
480 1801 544 1843 nou
567 1801 643 1843 sane
665 1781 818 1861 probant.
863 1779 967 1843 Omne
989 1781 1071 1843 enim
1094 1774 1230 1854 malum,
1262 1781 1357 1843 etiam
1379 1778 1500 1841 medio-

169 1895 246 1949 cre,
268 1875 434 1936 ⁰malum⁸
456 1886 522 1936 est:
557 1894 617 1938 nos
640 1886 743 1936 antem
766 1875 798 1937 id
820 1874 967 1957 agitnns,
992 1885 1027 1936 ut
1047 1873 1111 1936 id'
1102 1896 1133 1936 ιιι
1156 1874 1301 1971 sapiente
1321 1873 1438 1935 nullum
1460 1870 1502 1933 sit

169 1968 318 2032 omnino.
344 1970 426 2031 Nam
447 1980 482 2031 ut
504 1989 642 2050 corpus,
667 1968 760 2031 etiam
783 1969 817 2039 si
833 1966 1037 2031 mediocriter
1060 1983 1192 2053 aegrum
1216 1980 1283 2044 est,
1307 1988 1417 2031 sanum
1427 1984 1515 2053 nou¹

94 2114 102 2119 .
168 2074 244 2127 est.
283 2063 328 2125 sic
356 2062 388 2125 in
420 2061 524 2127 animo
555 2063 635 2126 ista¹
663 2061 865 2126 mediocritas
888 2072 976 2124 caret
997 2061 1143 2124 sanitate.
1201 2062 1313 2149 ltaque
1336 2058 1502 2144 praeclaro
1610 2064 1613 2073 '

172 2157 298 2233 nostri,
328 2168 363 2219 nt
393 2156 452 2221 alia
484 2156 598 2233 multa,
632 2155 833 2231 molestiam,
865 2154 1128 2232 sollicitudinem,
1163 2177 1332 2240 angorem,
1365 2168 1502 2237 propter
1554 2234 1557 2239 Ι

44 2308 67 2335 s
170 2250 405 2317 similitudinem
421 2271 595 2332 corporum
613 2270 804 2334 aegrorum,
829 2248 1058 2334 aegritudinem
1073 2249 1330 2313 nominaverunt.
1355 2249 1408 2311 93.
1425 2250 1502 2313 Hoc

132 2347 407 2431 *propertio-dum
438 2348 542 2409 verbo
578 2343 697 2408 Graeci
731 2363 855 2407 omnem
888 2341 983 2404 animi
1015 2343 1287 2423 perturbationem
1319 2342 1501 2426 appellant:

1536 228 1547 263 Ι

170 2450 293 2506 vocant
319 2439 403 2503 enim
433 2432 570 2516 πάθος,
607 2439 640 2502 id
668 2449 717 2502 est
739 2438 908 2510 morbum,
943 2435 1144 2521 quicunqne
1147 2448 1195 2500 est
1216 2449 1320 2500 motus
1342 2436 1372 2499 in
1396 2434 1502 2498 animo
1538 2434 1542 2440 ⁴

171 2533 342 2597 turbidus:
365 2554 426 2597 nos
448 2533 571 2595 melius.
626 2528 746 2616 Aegris
768 2528 850 2593 enim
873 2531 1067 2611 corporibus
1076 2531 1104 2570 ¹⁰
1125 2530 1280 2594 simillima
1304 2530 1396 2593 animi
1418 2530 1501 2592 est¹¹

173 2625 366 2734 aegritudo:
389 2638 423 2690 at
443 2648 506 2690 non
530 2625 637 2688 similis
660 2624 891 2708 aegrotationis
913 2635 961 2687 est
982 2623 1100 2719 libido,
1125 2646 1190 2688 non
1211 2625 1419 2690 immoderata
1435 2624 1503 2688 lae·
1562 2701 1567 2707 Ι

172 2720 265 2797 titia,
289 2743 371 2803 quae
394 2733 442 2784 est
463 2720 614 2802 voluptas
636 2719 739 2782 animi
751 2718 832 2781 elata
856 2728 901 2780 et
909 2718 1090 2803 gestiens·
1086 2718 1185 2801 ·Ipse
1207 2719 1299 2782 etiam
1323 2733 1502 2782 metusnon
1609 2722 1613 2739 ³

174 2824 226 2878 est
254 2814 359 2878 morbi
388 2816 554 2878 admodum
584 2810 711 2890 similis,
748 2833 936 2895 quamquam
960 2811 1150 2897 aegritudini
1172 2824 1220 2876 est
1240 2812 1409 2879 finitimus:
1446 2813 1504 2875 sed

172 2907 328 2990 proprie,
353 2920 387 2970 ut
409 2906 646 2992 aegrotatio-in
666 2926 825 2988 corpore,
849 2906 896 2969 sic
917 2907 1119 2991 aegritudo
1109 2930 1143 2970 ιιι
1165 2908 1288 2985 animo,
1313 2928 1427 2971 nomen
1446 2907 1531 2985 ha·x
1608 2901 1611 2911 ’

172 3002 233 3064 het
255 3020 320 3078 uon
340 2998 557 3063 seiunctum=a
578 3001 704 3063 dolore.
728 2999 884 3063 'Doloris
905 2999 997 3062 huius
1019 2999 1154 3084 igitur-¹¹
1176 3001 1272 3085 origo
1292 3001 1384 3073 nobis
1399 3000 1503 3083 expli-

174 3096 277 3158 canda
306 3105 373 3170 est,
410 3094 442 3155 id
471 3102 539 3168 est,
578 3113 672 3156 casua
700 3092 843 3159 efficiens·
869 3093 1100 3185 aegritudinem
1122 3095 1155 3158 in
1179 3096 1306 3171 animo,
1345 3100 1521 3179 tamquam‘

175 3186 432 3291 aegrotationem
460 3185 491 3249 in
521 3207 675 3268 corpore.
731 3187 831 3265 Nam,
867 3198 902 3251 ut
931 3187 1061 3263 medici,
1101 3211 1197 3255 causa
1226 3188 1331 3255 morbi
1351 3189 1503 3267 inuenta,

176 3279 373 3344 curationem
397 3301 465 3343 csse
488 3280 647 3343 inuentam
670 3289 797 3362 putant;
832 3279 880 3344 sie
900 3302 981 3357 uos,
1015 3303 1108 3346 causa
1130 3283 1335 3369 aegritudinis
1356 3295 1504 3366 reperta,

175 3373 323 3437 medendi
344 3373 526 3438 sacttltatem
549 3372 757 3456 reperiemus.
822 3393 836 3481 ι.

219 3468 329 3531 xl.
353 3468 407 3531 tt.
431 3469 521 3530 Est
512 3467 622 3551 igitur'
635 3489 729 3531 casua
752 3467 854 3531 omnis
876 3468 906 3531 in
930 3469 1104 3552 opinione,
1135 3492 1195 3535 nec
1223 3493 1304 3537 vero
1333 3431 1507 3555 aegritudi-

176 3561 226 3626 nis
256 3563 379 3637 solum,
419 3564 476 3625 sed
505 3560 595 3623 etiam
619 3561 813 3646 reliquarum
837 3562 976 3625 omnium
999 3564 1292 3672 perturbationum:
1329 3589 1410 3653 quae
1433 3577 1508 3630 sunt

175 3677 296 3743 genere
325 3666 498 3742 quattuor,
527 3656 674 3738 partibus
702 3656 822 3738 plumes.
876 3659 957 3743 Nem
988 3680 1085 3743 quitum
1116 3660 1218 3729 omnis
1244 3660 1444 3742 perturbatio
1465 3659 1507 3723 sit

175 3749 275 3813 animi
296 3762 400 3815 motus
421 3750 507 3813 vel¹³
528 3749 663 3815 rationis
678 3771 817 3832 expers,
842 3751 894 3814 vel
913 3749 1068 3817 rationem
1085 3755 1297 3834 adspernans,
1322 3754 1374 3816 rel
1389 3750 1507 3817 rationi

175 3864 244 3907 non
274 3843 426 3907 obediens
441 3847 476 3920 ¹¹,
513 3843 603 3928 isque
633 3855 738 3907 motus
767 3855 821 3906 aut
851 3843 929 3907 honi
959 3856 1013 3907 aut
1046 3845 1118 3907 mali
1151 3847 1301 3933 opinione
1334 3846 1504 3909 citetbr¹⁵t

252 3984 292 4050 (¹)
310 3999 374 4035 eum
394 3980 465 4035 Cdd.
485 3980 614 4035 Goersnn
633 3979 744 4035 Aeadd.
765 3986 838 4053 2..p.
860 3982 906 4040 56.
925 4000 964 4035 =
984 3980 1162 4034 caunetum
1186 3982 1290 4036 Ceteri.
1332 3981 1371 4058 (1)
1392 4004 1431 4039 t
1449 3983 1508 4041 reb,

171 4073 231 4111 m.
256 4056 487 4128 quemadmodum
511 4060 542 4111 P.
594 4054 632 4131 (⁵)
658 4071 722 4109 cum
748 4053 818 4109 cdd.
844 4058 902 4110 LD.
929 4055 999 4109 tull.
1026 4063 1051 4112 1.
1078 4056 1132 4113 W.
1154 4062 1180 4112 2.
1206 4056 1313 4109 -hoc
1332 4077 1419 4130 aegre
1438 4058 1510 4117 Cdd.

175 4131 277 4206 pleriq.
296 4134 341 4200 (ll.
363 4148 432 4187 teste
452 4133 540 4186 Douh.
559 4131 624 4186 Mea
644 4131 758 4184 collatio
779 4128 875 4205 tacet.)
896 4131 1099 4185 PARSECVM.
1120 4131 1211 4187 Gehh.
1250 4132 1345 4208 (1)-
1358 4135 1509 4207 aliquando

176 4209 211 4262 il.
232 4207 304 4269 oss:
324 4215 374 4275 (-
394 4213 428 4259 st·
438 4209 569 4261 άὶειιιιιιιν
581 4238 601 4250 -
612 4238 632 4251 -
643 4215 672 4259 st
690 4209 779 4259 latiur
797 4207 831 4261 D.
852 4206 938 4261 solus.
965 4207 1045 4260 Prius
1066 4211 1115 4274 (st)
1135 4210 1158 4261 e
1170 4208 1218 4273 11.,
1239 4224 1269 4262 ut
1286 4208 1370 4271 elicita
1390 4213 1508 4266 alterum

95 4338 100 4347 ⁴
175 4281 260 4337 atde
279 4282 370 4338 BentL
390 4282 421 4341 Ε.
434 4277 511 4337 'Non
530 4299 572 4337 cst
592 4298 685 4335 sutem
706 4286 760 4335 tata
780 4280 1014 4353 lectionulgata,
1035 4297 1065 4334 ut
1085 4281 1220 4356 airSeh.)
1258 4283 1296 4354 (1)
1309 4284 1357 4337 Sic
1369 4287 1402 4341 Vi
1416 4285 1510 4342 Gcbh

176 4360 261 4429 Seqq.
278 4373 322 4413 θα
335 4359 469 4410 utstatim
487 4365 531 4410 ert
549 4357 622 4416 011.
642 4356 846 4413 PARSECML.
885 4355 979 4431 (⁵)-
1000 4362 1066 4428 quin
1085 4344 1137 4412 Da.
1176 4357 1270 4426 (1)-
1287 4360 1510 4415 mediocritatem

174 4431 248 4488 cdd.
267 4434 336 4506 aliq.
355 4434 511 4488 ABSEML.
548 4430 588 4506 (⁸)
607 4430 641 4487 de
661 4433 749 4486 Bottia.
767 4429 798 4488 Ε.
816 4431 883 4485 bell.
898 4433 979 4488 W..
965 4420 992 4485 ’1.
1012 4462 1046 4477 -
1065 4451 1199 4503 magnum
1213 4431 1283 4488 Cdd.
1296 4433 1511 4508 Eddrellquae·

175 4506 390 4576 mmmmm.
401 4509 440 4563 L.
461 4510 652 4569 inmutet
673 4506 764 4562 Gebh.
783 4508 820 4563 D.
840 4515 865 4566 1.
884 4508 946 4567 W.
959 4511 986 4562 2.
1005 4513 1369 4562 manumissorem
1392 4517 1450 4565 tata
1476 4514 1509 4569 V

175 4582 253 4640 Olir.
272 4583 342 4639 hall.
362 4612 398 4631 —·
417 4589 459 4637 sic
477 4589 504 4637 rs·
521 4589 553 4636 lu
570 4588 667 4651 animo
685 4590 728 4634 est
753 4588 772 4637 t.
800 4582 1113 4642 subsummatus.
1161 4583 1274 4650 (11)-
1300 4590 1385 4653 αψί
1409 4585 1509 4661 (01¹.)

173 4663 253 4713 edm
277 4661 406 4730 eorporis
433 4663 486 4715 Da.
536 4658 588 4733 (11)
613 4662 661 4712 Sto
684 4659 717 4715 lt.
738 4658 832 4714 D...
792 4676 831 4692 ··
850 4665 894 4710 sat
911 4662 999 4709 αιιίιιιι·
1018 4659 1122 4712 Ceteri.
1172 4659 1223 4733 (¹²)
1243 4659 1398 4717 siclt...
1361 4681 1399 4697 -
1415 4666 1509 4729 igituir

173 4730 259 4787 Mus
276 4733 381 4789 Ceteri.
419 4735 471 4802 (11)
489 4750 527 4789 ω
547 4738 714 4807 Suspectum
736 4736 789 4787 boe
806 4734 858 4786 vel
875 4734 1025 4788 Bouhierto
1044 4733 1098 4791 W.
1119 4733 1168 4807 [].
1189 4734 1242 4788 del.
1262 4734 1326 4792 Sch.
1347 4741 1374 4795 2,
1401 4738 1509 4807 (11)-

175 4806 248 4864 tues
264 4809 350 4863 vel-
369 4810 537 4865 -obeduss
555 4814 615 4864 stne
635 4820 720 4865 eausa
738 4823 867 4884 suspensa
885 4806 952 4866 Ero.
1003 4807 1083 4890 (¹⁵)
1080 4838 1118 4856 ι-
1144 4814 1298 4863 commum
1319 4815 1349 4868 t„
1369 4807 1454 4871 salus
1471 4840 1511 4861 .-

173 4889 318 4939 auresue
335 4880 389 4940 De.
409 4915 446 4931 ·-
465 4891 575 4941 crearer
593 4882 663 4940 Ero.
681 4902 756 4959 susp.
1434 4928 1436 4931 ,
