3384 5359
78 260 82 271 ‘
167 353 169 356 Α
219 298 281 364 ut
613 299 873 387 ,neutuna
894 272 1110 364 ananau.

600 396 605 419 l
953 408 956 417 t

215 459 279 495 nem
291 438 376 493 Plato
394 439 500 492 atellam
519 430 638 511 afferret
656 438 734 515 (uide
752 439 817 510 quid
835 432 940 493 bomini
957 439 1094 514 tribuam)
1112 445 1175 512 ipsa
1192 444 1365 513 auctopitate
1383 458 1429 493 me
1440 439 1574 512 seam,

212 525 310 627 peret:
330 524 375 567 tot
392 525 488 567 autem
506 521 633 568 rationes
651 517 761 579 attulit,
781 523 812 566 ut
829 517 903 567 velle
921 520 1031 580 ceteris,
1052 516 1106 567 sibi
1124 523 1200 567 certe
1208 521 1383 588 persuasisse
1395 517 1556 570 videatur.

238 596 298 647 Pro
314 591 401 643 codex
421 607 484 644 tune
504 590 603 659 habet,
621 591 701 661 lege,
720 590 833 644 codices
852 597 941 644 nostri
961 589 1079 645 babeat:
1106 608 1134 644 et
1152 590 1172 644 l.
1193 590 1244 647 uit.
1262 590 1339 664 lege,
1358 591 1447 645 codex
1468 593 1558 645 can·

214 666 286 721 tebri
308 670 401 719 unsis.

286 686 305 779 ἕ
309 745 331 794 C
341 759 389 793 ne.
405 740 497 795 XVII.
516 740 550 791 Ia
562 739 676 792 Italiam
688 744 800 791 venisse
819 737 862 813 (et
874 745 904 791 in
922 759 956 791 ea
974 734 1055 811 purast
1073 741 1146 792 alios
1164 740 1282 803 multos,
1304 749 1363 791 tran
1377 740 1554 813 Archytam

212 815 406 887 Timaeumque
420 814 610 888 cognovisse)]
639 817 716 884 Quae
737 819 845 868 uncinis
867 815 973 868 incluta
994 830 1073 880 sunt,
1093 831 1108 866 a
1128 819 1284 873 veterrimis
1304 833 1413 887 quoque
1434 823 1550 870 nostrie

198 886 321 944 ‘ebruna
359 892 491 959 Nescius,
511 908 605 945 utrum
625 889 735 944 aliunde
754 892 808 944 huc
827 890 957 965 adoptata
976 896 1047 955 aiut3
1067 906 1234 965 eapropter
1254 888 1290 947 τὸ
1308 890 1551 970 opoeotelevror

215 966 377 1020 exciderint.
557 966 560 973 ’
1151 964 1154 975 “

285 1039 404 1095 *ibid
430 1040 523 1109 Quas,
543 1044 598 1091 nisi
617 1040 684 1110 quid
700 1038 787 1103 dicis,
804 1046 1086 1111 praetermittamus:
1114 1048 1143 1091 et
1161 1057 1245 1091 moso:
1272 1055 1307 1093 au
1327 1055 1373 1104 tu,
1393 1012 1477 1112 dietate
1499 1060 1547 1093 me

211 1121 242 1168 in
268 1134 405 1168 summam
429 1121 667 1187 exspectationem
692 1116 863 1181 adduxeris,
890 1116 1028 1184 deserisl]
1055 1117 1097 1168 Ita
1125 1117 1252 1169 codices:
1281 1114 1327 1169 ted
1342 1117 1459 1188 ‘repono
1486 1116 1547 1170 leri

211 1197 377 1258 mutatione,
396 1196 452 1243 nisi
471 1191 537 1261 quid
555 1196 610 1243 via:
631 1206 668 1256 et,
688 1192 751 1244 Δία*
771 1200 811 1243 tu.
850 1191 982 1265 Exempla
1002 1196 1107 1265 passim
1125 1190 1206 1244 obvi·
1225 1208 1299 1245 sunt.
1337 1193 1392 1245 Pro
1410 1197 1459 1243 vis
1476 1209 1548 1247 aar·

212 1272 298 1341 repsit
319 1265 387 1359 illud
404 1266 492 1330 dicis,
513 1271 577 1358 spuit
598 1281 784 1355 praecesserat
803 1267 843 1320 D.
934 1347 939 1358 ι
1041 1328 1045 1335 .
1185 1344 1191 1358 .

286 1338 402 1395 '‘Ibid.
428 1342 505 1393 Num
523 1349 615 1410 egetur
634 1341 809 1393 dubitamus:
836 1357 899 1407 an„
912 1352 985 1394 rtcut
1000 1342 1146 1413 pleraque,
1165 1359 1206 1393 sse
1224 1349 1254 1392 et
1271 1339 1344 1392 boc?
1370 1359 1545 1412 preautqrtanr

210 1413 263 1469 ltoc
282 1416 391 1487 quidem
409 1421 536 1468 minime:
552 1417 725 1487 persuadent
742 1422 815 1469 enim
834 1415 1035 1483 mathematici,
1056 1426 1164 1469 terram
1176 1423 1208 1468 in
1223 1416 1311 1468 medio
1330 1416 1432 1468 mendo
1450 1423 1546 1469 sitam

123 1516 129 1529 ι
210 1491 251 1543 ad
269 1497 396 1543 universi
414 1493 485 1543 caeli
503 1493 675 1563 complexum
693 1497 774 1563 quasi
789 1498 890 1563 puncti
907 1498 1002 1545 instar
1022 1492 1156 1560 obtinere]
1178 1494 1349 1562 Quocunque
1363 1508 1389 1544 te
1408 1498 1543 1559 verteris,

209 1583 353 1639 uunquam
373 1567 465 1621 hercle
485 1565 612 1633 efficies,
624 1584 654 1620 ut
675 1568 746 1620 haec
762 1572 853 1620 oratio
873 1585 949 1621 recto
969 1567 1039 1641 ppde
1059 1569 1183 1621 incedere
1202 1565 1336 1620 videatur.
1374 1569 1438 1636 Quo
1459 1574 1543 1620 enim

211 1641 313 1696 referes
334 1640 403 1694 illud
423 1643 491 1697 AN?
518 1642 592 1695 vides
614 1647 729 1715 opinor,
759 1647 926 1696 senteutiam
947 1642 1074 1696 mutilam
1094 1657 1121 1696 et
1140 1642 1352 1696 claudicantem.
1397 1641 1480 1710 Quod
1511 1660 1543 1697 et

211 1717 259 1771 ille
280 1734 354 1771 recte
374 1715 570 1791 deprehendit,
590 1723 637 1789 qui
657 1722 687 1770 in
706 1716 803 1771 codice
825 1734 873 1772 tuo
892 1724 933 1773 slc
952 1717 1144 1791 interpolavit,
1169 1721 1218 1770 Aa
1235 1722 1309 1769 sicut
1323 1718 1475 1788 pleraque,
1496 1725 1544 1770 sic
1572 1733 1578 1743 ’

211 1801 240 1844 et
258 1790 310 1844 hoe
328 1792 377 1843 sui
396 1792 571 1843 dubitatione
591 1794 766 1865 accepimus?
791 1794 890 1859 Certe,
910 1792 1031 1847 adniieao
1051 1793 1100 1846 illo
1119 1794 1185 1859 AN,
1204 1809 1316 1845 necesse
1335 1807 1377 1845 est
1397 1794 1542 1846 eiusmodi

210 1867 276 1941 quid
296 1883 436 1940 sequatur.
475 1867 556 1937 Quod
578 1884 670 1921 tamen
691 1885 776 1939 quum
795 1868 887 1921 nullus
907 1869 977 1922 alius
998 1867 1082 1923 codex
1102 1884 1248 1939 agnoscam
1268 1872 1363 1920 tutior·
1376 1885 1405 1920 et
1423 1865 1544 1921 facilior

210 1941 524 2015 medicinavquaerenda
545 1960 596 1997 etr.
635 1942 702 1996 Dele
722 1949 806 2017 igitur
828 1945 889 2003 IN:
917 1959 944 1997 et
965 1948 1005 1997 aio
1026 1943 1085 2016 lege
1104 1960 1136 1995 ac
1156 1942 1309 2015 distlague:
1341 1943 1418 1995 Num
1443 1949 1541 2010 igitur

211 2018 385 2087 dubitamus,
405 2023 477 2071 sicut
492 2017 641 2089 pleraque,
665 2024 705 2071 sic
724 2028 753 2070 et
771 2018 842 2070 leot?
869 2016 1044 2093 (quamquam
1064 2018 1114 2070 boc
1133 2019 1240 2088 quidem
1258 2022 1387 2069 minime:
1409 2037 1541 2088 persua-

211 2093 278 2145 den't
297 2100 370 2145 enim
388 2092 592 2167 mathernatt'ci)
613 2103 721 2146 terram
739 2100 819 2166 quasi
834 2100 933 2164 prutcti
952 2100 1047 2145 instar
1065 2095 1210 2145 obtinere?
1229 2092 1326 2146 Nullae
1340 2096 1395 2145 iam
1411 2094 1539 2147 salebrae

154 2222 161 2229 ,
210 2169 323 2222 relictae
344 2184 424 2228 tuum
454 2173 549 2222 omnia
569 2169 755 2241 complanata.
793 2171 882 2235 Num,
903 2175 1009 2241 inquit,
1029 2169 1186 2221 dubitamus
1207 2184 1306 2222 terram
1328 2172 1538 2241 instarpuncti

210 2261 283 2311 erse,
302 2251 374 2298 sicut
394 2245 522 2318 pleraque
544 2243 671 2297 dubitare
691 2246 808 2298 solemus
828 2263 879 2298 noa
894 2247 1075 2299 Academicii
1095 2248 1181 2296 immo
1200 2245 1252 2297 hoc
1271 2242 1380 2315 quidem
1401 2249 1537 2297 minime:

210 2337 275 2373 nam
288 2324 494 2374 mathematicis
510 2320 664 2373 rationibus
679 2325 798 2373 convicti
819 2337 916 2374 manua
937 2319 1002 2373 dare
1022 2336 1050 2372 ct
1069 2323 1199 2372 assentiri
1219 2323 1353 2387 cogimur.
1371 2348 1412 2361 -
1436 2320 1535 2371 *Dete

210 2400 252 2450 tic
271 2410 298 2450 et
319 2401 388 2449 hoc:
408 2406 436 2447 et
455 2400 485 2446 ia
498 2392 562 2468 fine
582 2404 665 2447 notae
685 2395 773 2461 adde,
794 2394 902 2449 Abeunt
922 2412 937 2447 a
956 2395 1092 2449 veteribus
1114 2400 1216 2447 nostris
1234 2396 1323 2446 sie¹et
1341 2392 1400 2449 hoc.

286 2470 376 2525 ibid.
402 2472 534 2542 Reliquae
552 2470 622 2522 ditae
638 2479 753 2542 partes,
780 2489 836 2520 una
856 2477 958 2540 ignea,
986 2472 1079 2522 altera
1098 2470 1244 2533 animalis,
1266 2477 1298 2519 ut
1315 2470 1382 2519 illae
1400 2473 1536 2540 superlo-

211 2563 257 2598 res
275 2544 396 2619 (terrena
416 2563 443 2599 et
464 2544 591 2620 htttnida)
617 2551 647 2597 in
676 2547 793 2597 medium
812 2547 902 2597 locum
920 2546 1017 2598 mundi
1035 2551 1184 2614 gravitate
1194 2542 1335 2615 firantur
1354 2553 1384 2595 et
1399 2544 1535 2613 pomlere,

209 2628 251 2673 sic
270 2622 322 2673 leae
347 2639 459 2672 rursum
485 2619 540 2694 (vel
559 2618 679 2695 sursum)
704 2627 788 2673 rectis
812 2622 894 2673 lineis
917 2614 947 2673 ils
980 2623 1126 2673 caelestem
1157 2621 1245 2672 locum
1274 2620 1437 2685 sulmoient,
1472 2625 1535 2671 siue

212 2699 292 2751 tPsA
318 2697 470 2751 NATURA
495 2702 641 2766 superiora
665 2705 827 2768 appetente,
857 2694 918 2749 sive
946 2697 1021 2769 quod
1042 2714 1062 2746 a
1086 2695 1269 2764 grauioribus
1292 2697 1401 2746 leuiora
1427 2704 1535 2745 natura

210 2773 395 2842 repelluntur]
421 2772 487 2824 Ubi‘
499 2777 617 2843 primum
639 2773 705 2823 haec
726 2772 862 2841 legeram,
881 2779 1015 2825 continuo
1036 2769 1219 2824 subodoratus
1239 2763 1299 2823 lunt
1320 2769 1449 2823 mendum
1468 2769 1537 2822 aub-

208 2866 275 2900 erae.
309 2846 384 2915 Quid
406 2853 482 2899 enim
503 2846 578 2913 illud,
599 2847 681 2901 tusa
695 2848 865 2902 NATURA?
885 2848 956 2901 nihil
971 2845 1097 2921 profecto
1111 2843 1184 2898 uliud
1213 2862 1294 2917 quam
1314 2854 1420 2897 natrtra
1440 2862 1534 2897 rerum

208 2928 377 2975 communis:
403 2928 479 2993 atqui
508 2923 553 2974 illa
582 2920 652 2974 baud
680 2929 768 2995 magis
788 2926 934 2993 superiora
954 2927 1076 2996 appetit,
1104 2937 1185 2992 quarn
1207 2920 1337 2974 inferiora
1358 2926 1413 2972 eive
1433 2919 1533 2974 media.

209 2998 283 3071 Ergo
304 2995 402 3051 falsum
424 2997 526 3050 bocer
554 2995 717 3060 absurdum,
743 2996 806 3050 ideo
833 3003 925 3071 ignem
953 3014 980 3052 et
1008 3001 1100 3049 uitem
1127 2997 1234 3049 caelum
1259 3013 1351 3050 versus
1377 2996 1532 3063 subvolare,

209 3073 282 3143 quod
304 3079 362 3146 ipsa
383 3089 479 3126 natura
499 3078 642 3145 superlore
664 3088 781 3145 appetat.
822 3072 958 3145 legebam
978 3078 1079 3146 igitur,
1106 3074 1172 3124 Sive
1190 3071 1306 3123 IPSAE
1321 3079 1427 3123 natura
1445 3090 1530 3143 supe·

208 3154 289 3199 riora
314 3147 577 3201 APPEI'ENTES.
622 3146 677 3201 Ubi
707 3157 813 3198 nottera
841 3147 953 3220 perinde
984 3166 1024 3202 eet
1052 3163 1083 3200 oc
1108 3156 1211 3199 notrae
1234 3164 1296 3200 sua.
1342 3148 1439 3199 Postea
1467 3164 1529 3199 vcro

208 3227 332 3295 inspecta
354 3222 481 3276 Lambini
502 3222 636 3287 editione,
665 3222 843 3275 animadverti
864 3229 953 3276 virum
972 3222 1165 3276 doctissimum
1179 3222 1213 3279 ri
1226 3231 1387 3294 appetenter
1399 3241 1432 3274 ex
1445 3227 1529 3275 veteri

208 3298 306 3351 codice
327 3300 491 3370 protulisse,
516 3304 593 3370 ipsae
614 3313 705 3350 autem
727 3316 758 3350 ex
778 3304 947 3352 coniectura.
997 3299 1030 3351 Et
1051 3315 1143 3352 tamen
1164 3300 1209 3350 bic
1235 3314 1293 3364 est,
1320 3314 1402 3370 quem
1429 3297 1530 3368 ubique

208 3373 297 3426 bonus
317 3373 363 3425 ille
384 3373 548 3427 Gebhardus
569 3392 633 3445 prae
654 3391 682 3427 se
703 3380 872 3439 contemnit,
894 3373 1014 3446 sugillat,
1033 3374 1195 3426 conculcat:
1216 3366 1279 3445 quo,
1298 3378 1322 3426 si
1342 3391 1434 3426 verum
1455 3389 1530 3424 ema·

208 3466 278 3513 mua,
298 3462 354 3501 tam
368 3448 449 3521 longe
464 3447 578 3523 ipferior
592 3455 650 3522 ipse
670 3466 721 3513 est,
743 3465 773 3501 ut
792 3449 869 3502 nullo
889 3449 972 3502 modo
992 3454 1027 3502 sit
1049 3448 1258 3521 comparandus.
1278 3478 1313 3492 -
1338 3448 1431 3500 *Post
1445 3449 1531 3520 Lege-

207 3523 273 3576 bam
294 3528 395 3601 igitur,
414 3524 500 3587 adde,
522 3530 572 3577 etei
593 3543 696 3578 veteres
718 3529 804 3577 nostri
825 3524 896 3577 nihil
918 3542 967 3578 nos
988 3526 1034 3577 bic
1055 3522 1194 3579 adiuvent.

287 3596 400 3651 ’‘Ibid.
426 3600 523 3650 Multo
542 3606 627 3651 etiam
654 3604 802 3672 Integriort
828 3619 862 3652 aa
888 3605 998 3671 puriora
1023 3608 1102 3666 sunt,
1133 3609 1165 3651 ut
1184 3619 1202 3650 a
1221 3607 1300 3649 terra
1317 3600 1480 3666 longissime
1497 3617 1528 3649 se

210 3667 344 3745 fierem]
371 3675 417 3726 Sic
437 3690 501 3726 cum
521 3674 581 3727 aliis
606 3680 690 3728 etlam
716 3680 804 3728 nostri
832 3673 950 3728 codices.
997 3674 1049 3727 Sed
1075 3692 1147 3746 quo,
1173 3690 1290 3746 quaeso,
1315 3678 1456 3748 pertinent
1481 3688 1529 3726 ant

211 3750 367 3805 referuntur
386 3748 434 3801 illa
453 3754 578 3802 neutrius
596 3754 705 3822 generis
725 3755 885 3819 integriora
903 3769 937 3801 ae
952 3750 1090 3821 puriora?
1123 3750 1234 3811 Dixerat
1255 3753 1369 3815 Cicero,
1397 3754 1421 3802 si
1441 3753 1529 3801 animi

209 3842 273 3881 sunt
294 3825 336 3878 vel
355 3825 487 3878 animales
507 3823 551 3877 vel
570 3830 653 3897 ignei,
674 3830 849 3898 perspicuum
870 3842 911 3878 est
931 3843 978 3877 eos
998 3824 1116 3877 sublime
1136 3822 1216 3878 Ierri:
1236 3842 1302 3877 mox
1317 3823 1402 3889 addit,
1421 3828 1444 3876 si
1464 3841 1529 3876 vero

208 3903 250 3955 vel
270 3917 397 3954 numerus
416 3908 460 3951 est
478 3905 588 3950 animus
607 3901 650 3953 vel
669 3906 764 3971 quinta
784 3904 913 3965 essentia,
932 3899 1020 3955 multo
1037 3905 1200 3969 integriora
1212 3915 1264 3953 cet.
1291 3900 1371 3954 Unde
1385 3917 1416 3951 ex
1430 3898 1527 3952 ordine

171 4012 173 4017 ·
209 3994 236 4031 et
263 3976 308 4030 filo
334 3979 467 4028 orationis
493 3979 671 4048 perspicuum
698 3992 758 4043 ert,
783 3990 830 4029 tat
856 3974 1046 4049 corrigendum
1072 3992 1145 4036 etse,
1172 3972 1313 4028 referendo
1340 3974 1372 4028 ad
1400 3977 1527 4040 Animus,

187 4042 296 4104 “multo
316 4050 522 4107 INTEGRIOR
542 4069 576 4102 ac
595 4052 732 4105 PUitlott
752 4060 810 4116 est,
839 4058 871 4101 rit
890 4083 909 4094 -
928 4044 1030 4120 efferat
1047 4082 1066 4095 -
1086 4066 1149 4115 aut,
1173 4054 1197 4103 si
1223 4049 1257 4101 ad
1280 4053 1395 4103 Animos
1413 4048 1525 4114 referat,

145 4138 147 4140 ’
209 4130 296 4179 rnretto
317 4126 567 4181 INTEGRIORES
584 4143 618 4177 ac
637 4127 814 4181 tuitiones
834 4134 908 4180 seint.
936 4128 1077 4180 Posterior
1096 4125 1193 4179 modus
1213 4130 1300 4198 magis
1321 4126 1432 4178 arrIdet.
1458 4125 1528 4178 Mox

210 4203 321 4258 codices
341 4205 447 4265 nostri,
467 4202 574 4252 Horum
593 4206 684 4269 igitur
703 4201 810 4272 aliquid
827 4197 1015 4254 est'animus:
1034 4219 1106 4262 non,
1127 4217 1157 4254 ut
1176 4201 1273 4274 vulgo,
1292 4206 1402 4252 animus
1420 4208 1472 4254 est:

283 4272 332 4328 *C
341 4297 358 4329 Α
367 4294 390 4329 e.
404 4277 508 4329 XVIII.
528 4276 603 4327 Bene
620 4282 693 4329 enim
706 4277 754 4327 illo
768 4275 914 4349 proverbio
928 4277 1100 4331 Graecorum
1105 4279 1296 4348 praecipitur]
1318 4277 1412 4330 Nostri
1430 4290 1525 4328 omne·

209 4352 292 4413 MSS.
313 4351 410 4404 ordine
429 4356 553 4404 suaviore
573 4352 621 4402 illo
641 4352 812 4403 Graecorum
821 4347 1001 4422 'proverbia'

281 4424 400 4479 iliad.
426 4427 518 4496 Quam
536 4435 630 4478 tanna
642 4426 853 4477 Democritus·
866 4428 1014 4478 animalem
1033 4444 1092 4478 esse
1115 4426 1215 4494 voluit]
1243 4428 1354 4499 Repoue
1373 4444 1407 4477 ex
1425 4431 1527 4478 nostris

211 4503 349 4565 omnibu«,
366 4502 430 4557 volt
448 4519 498 4574 pro
516 4502 615 4553 voluit.
649 4501 684 4554 Et
704 4520 777 4565 mox,
798 4519 846 4571 pro
862 4502 909 4553 Ex
927 4502 1021 4571 quibus
1039 4505 1142 4565 omnia,
1160 4519 1190 4553 ut
1205 4500 1286 4556 tiss.
1306 4506 1394 4558 nostri
1416 4501 1527 4562 babent,

211 4583 337 4641 Nouius,
354 4582 382 4629 iu
402 4596 427 4632 v.
442 4577 563 4629 Constat
582 4576 674 4629 locum
695 4575 768 4629 bunc
788 4581 894 4641 citans,
915 4577 996 4629 habet
1016 4576 1088 4627 unde
1107 4582 1218 4628 omnia.-
1237 4591 1265 4629 et
1286 4581 1324 4629 ita
1344 4575 1431 4629 codex
1444 4578 1528 4629 Nonii

209 4653 448 4725 cantabrigiensis
469 4659 524 4712 800
543 4668 687 4704 annorum.
727 4652 774 4704 Ea
792 4652 887 4721 petibus
907 4666 948 4704 est
967 4655 1160 4726 interpretatio
1179 4652 1235 4708 τοῦ
1254 4651 1335 4705 rende.

284 4729 330 4780 *C
340 4745 388 4780 ar.
403 4728 483 4779 iix.
503 4728 616 4778 Iunctus
636 4725 769 4853 ganiman)
788 4745 825 4777 ea
843 4730 939 4778 anima
958 4734 1034 4779 tenui
1052 4736 1137 4778 etex
1154 4726 1259 4778 ardore
1277 4727 1345 4777 solie
1364 4735 1528 4794 temperato,

206 4804 325 4873 ignibus
344 4807 461 4871 insistit]
488 4802 581 4856 Codex
601 4804 641 4855 Ga
654 4802 724 4854 licus
745 4806 868 4855 omnium
886 4808 1048 4855 veterrimus
1068 4817 1084 4854 a
1104 4807 1191 4874 prima
1211 4818 1294 4855 manu
1314 4800 1457 4867 IUN‘IIS,
1482 4800 1529 4854 red

204 4877 368 4935 saecunda
388 4884 601 4952 superscriptum
620 4893 677 4945 est,
699 4870 873 4932 iunctus.
917 4877 953 4932 Et
972 4894 1047 4944 mox,
1079 4878 1200 4961 calorem
1218 4877 1335 4950 adeptus
1353 4877 1436 4942 EST,
1461 4878 1531 4930 nulli
