3384 5359
220 251 297 345 'aot
806 280 978 348 unitae

233 418 363 477 diuturna
394 437 422 477 et
454 436 584 475 constans
616 435 644 476 et
675 419 771 475 multis
803 425 859 475 tuis
890 418 991 474 officiis
1016 420 1086 473 mihi
1113 418 1250 475 declarata
1276 435 1358 492 atque
1383 418 1559 488 confirmatu,

235 497 342 553 factum
362 513 419 550 tum
439 514 498 550 etse
518 501 646 562 initium,
676 513 760 569 quum
780 515 849 571 puer
868 495 992 549 noudum
1012 494 1140 549 decennis
1160 495 1323 569 disciplinae
1344 511 1409 549 tuae
1428 494 1558 562 traditus,

231 572 377 628 literarum
397 575 557 626 Latinarum
578 573 818 644 Graecarumque,
849 570 897 625 sed
916 572 1015 625 harum
1036 577 1171 638 maxime,
1195 587 1317 624 amorem
1339 587 1367 624 et
1388 574 1478 643 prima
1500 569 1555 622 ele-

233 665 329 703 menta
349 665 364 700 a
385 663 412 701 te
431 652 595 719 acciperem.
623 647 738 701 Videtur
752 652 847 701 nescio
867 645 940 719 quod
960 646 1109 700 mirificum
1129 644 1216 699 [atum
1236 664 1286 699 nos
1307 651 1365 700 eius
1386 649 1458 699 vitae
1478 649 1561 698 simi-

232 723 353 779 litudine
373 728 564 788 coniunxisse,
584 739 598 775 a
619 739 672 793 qua
692 724 873 776 consiliorum
893 721 1103 795 studiorumque
1123 738 1281 775 nostrorum
1303 727 1374 774 ratio
1394 736 1421 773 et
1443 726 1556 774 institu-

235 806 276 855 tio
296 805 386 872 prima
404 796 457 850 fuit
477 798 655 853 alienissima.
698 797 752 854 Sed
778 795 881 851 dudum
904 803 978 851 nosti
1005 813 1031 851 et
1057 813 1166 850 mecum
1194 814 1274 871 saepe
1294 802 1409 850 miratus
1430 814 1459 849 es
1479 795 1557 848 illam

233 874 355 930 latorum
376 872 533 940 mirabilem
552 879 619 938 vim,
638 888 706 945 quae
726 874 872 926 homiuum
893 871 993 944 gaudet
1013 877 1134 926 rationes
1148 872 1323 927 conturbare.
1350 872 1446 943 Neque
1460 887 1555 925 tamea

234 955 363 1014 invenio,
383 965 467 1022 quare
487 966 537 1002 nos
556 947 683 1002 fortunae
702 964 813 1002 nostrae
835 954 982 1020 poeniteat.
1011 949 1127 1002 inclusit
1147 966 1197 1001 nos
1217 965 1277 1001 sors
1297 962 1392 1001 nostra
1412 953 1441 1000 in
1460 945 1554 999 ludum

233 1027 399 1088 literarium,
424 1040 451 1077 te
471 1028 500 1076 in
519 1023 586 1077 urbe
607 1026 742 1078 saxoniae
761 1029 898 1098 principe,
920 1041 965 1075 me
985 1027 1014 1075 in
1034 1039 1075 1088 ea,
1096 1039 1164 1094 quac
1185 1022 1335 1076 secundum
1356 1021 1389 1073 ab
1410 1038 1441 1075 ea
1461 1021 1555 1074 locum

235 1116 322 1158 tenet.
359 1099 434 1153 Tuae
455 1117 539 1170 quum
560 1116 590 1152 tu
609 1105 678 1156 sorti
699 1103 869 1170 acquiescis,
898 1115 955 1152 tum
980 1115 1031 1170 ego
1052 1099 1121 1151 mihi
1143 1115 1230 1151 meam
1249 1097 1444 1171 congratulor,
1472 1113 1498 1150 et
1525 1102 1555 1151 in

236 1179 356 1250 acceptis
376 1173 484 1228 divinae
502 1174 668 1248 benignitati
682 1173 781 1227 refero.
806 1174 870 1226 'libi
891 1172 1003 1245 quidem
1022 1190 1053 1226 ea
1074 1190 1129 1227 tarn
1149 1171 1201 1227 luit
1221 1192 1307 1247 nuper
1326 1178 1383 1225 visa
1404 1172 1553 1246 praeclara,

234 1269 267 1309 nt
286 1255 492 1304 novimuneris
512 1254 663 1321 ingressum
689 1248 773 1305 docto
799 1249 932 1322 opusculo
957 1254 986 1301 in
1013 1248 1156 1323 publicum
1182 1247 1257 1301 edito
1282 1249 1352 1301 mihi
1378 1247 1555 1320 gratularere.

235 1331 365 1400 Agnosco
392 1340 471 1379 tuum
496 1330 618 1378 animum
642 1341 718 1378 meae
743 1323 887 1398 dignitatis
914 1323 1030 1378 tuendae
1057 1341 1138 1395 atque
1159 1323 1365 1396 amplificandae
1384 1323 1559 1379 studiosissi-

234 1418 328 1464 mumt
361 1400 488 1471 voluique
513 1416 545 1453 ut
569 1400 616 1453 hic
641 1398 751 1453 libellus
778 1416 903 1453 mearum
928 1398 962 1452 ad
982 1400 1068 1453 Tullii
1088 1399 1258 1454 Tusculanas
1278 1396 1558 1463 animadversionum,

234 1483 371 1549 interpret
397 1490 468 1529 esset
493 1491 571 1528 mese
596 1490 689 1548 gratae
714 1474 878 1541 voluntatis,
910 1490 937 1528 et
969 1473 1004 1527 ad
1038 1493 1134 1528 omnes
1161 1489 1310 1529 testaretur
1336 1491 1422 1545 quum
1449 1474 1555 1545 reliqna

235 1554 284 1609 illa
312 1567 357 1605 tua
385 1557 513 1623 antiqua,
539 1565 596 1603 tum
621 1565 756 1623 nuperum
783 1548 901 1603 illudio
920 1567 965 1603 me
985 1548 1140 1623 profectum
1160 1567 1175 1602 a
1196 1567 1222 1603 te
1242 1566 1438 1603 ornamentum
1459 1552 1558 1603 summi

235 1633 251 1683 a'
273 1646 316 1681 me
330 1626 396 1681 fieri.
425 1624 547 1683 Decebat
568 1624 703 1680 eiusmodi
724 1625 918 1679 munusculum
937 1626 1127 1681 conditionem
1146 1643 1279 1690 nostram,
1299 1631 1453 1697 veterisque
1473 1623 1558 1677 disci·

234 1704 328 1781 plinae
348 1719 411 1757 tuae
431 1701 464 1755 ad
485 1717 511 1755 te
531 1699 652 1754 fructum
672 1701 791 1774 aliquem
812 1702 902 1755 redire
922 1719 970 1775 par
990 1718 1059 1758 erat.
1097 1704 1130 1755 lu
1150 1706 1226 1755 tenui
1246 1700 1355 1773 quidem
1375 1699 1473 1762 labor3
1500 1718 1558 1754 nou

236 1784 327 1835 tenuis
348 1794 439 1831 tamen
459 1793 547 1848 neque
566 1777 654 1850 gloria
674 1795 762 1847 neque
779 1777 904 1843 utilitas,
930 1778 984 1830 hoc
1009 1781 1038 1831 in
1063 1795 1161 1850 genere
1182 1776 1251 1830 bene
1271 1793 1327 1827 rent
1350 1793 1453 1848 gerere.
1495 1776 1558 1829 Nou

234 1872 281 1910 me
301 1852 388 1926 fugit,
416 1867 549 1924 quantum
575 1853 663 1925 pulvis
682 1852 869 1907 scholasticus
889 1850 961 1905 inira
981 1856 1098 1907 iactatos
1119 1852 1153 1904 ab
1173 1851 1234 1905 aliis
1254 1852 1512 1925 archiepiscopatur
1531 1866 1559 1905 et

235 1927 336 1985 infulas
356 1926 489 1982 subsidat.
535 1926 609 1981 Satis
630 1944 721 1982 tamen
741 1926 891 1993 babemus,
918 1926 1001 2000 (bene
1022 1944 1048 1982 te
1068 1932 1142 1982 euim
1161 1926 1238 2000 novi)
1264 1932 1287 1980 si
1307 1943 1458 1979 commune
1476 1924 1559 1981 nobis

213 2003 293 2064 ‘boc
311 2003 417 2056 bonum
437 2008 562 2068 eveniat,
582 2017 627 2064 ut,
648 2020 729 2075 quam
747 2007 824 2057 nacti
843 2020 935 2056 sumus
957 2004 1094 2075 Spartam,
1115 2002 1205 2075 dignis
1225 2019 1283 2057 eam
1305 2000 1395 2054 modis
1416 2018 1557 2056 ornemus.

234 2080 278 2135 De
299 2097 343 2132 me
362 2078 432 2131 bene
452 2077 618 2131 existimabo
644 2096 754 2132 mecum
781 2083 841 2151 agi,
871 2083 912 2144 si,
938 2077 1011 2150 quod
1037 2077 1126 2131 verbis
1153 2078 1242 2131 adhuc
1267 2075 1440 2130 solummodo
1468 2082 1556 2148 potui,

234 2154 316 2211 rebus
338 2159 405 2227 ipsis
426 2159 607 2228 imposterum
627 2170 725 2226 qucum
745 2169 895 2227 praestare,
916 2169 945 2206 ut
965 2151 1065 2207 oficiis
1085 2153 1236 2226 studiisque
1256 2157 1310 2206 tuis
1331 2158 1407 2227 paria
1428 2153 1556 2207 referam.

309 2230 385 2284 Haec
404 2230 538 2282 hactenus
558 2229 590 2281 ad
612 2244 654 2297 te,
681 2229 837 2290 Meisnere,
862 2233 1006 2300 privatim
1035 2234 1090 2281 iam
1120 2246 1210 2282 tecum
1230 2233 1320 2281 oratio
1339 2244 1398 2282 mea
1418 2227 1557 2282 lectorum

235 2323 319 2361 omne
339 2322 424 2379 genus
444 2305 644 2377 complectetur
663 2319 690 2357 et
710 2302 876 2376 appellabit,
905 2300 939 2355 de
958 2305 1130 2377 consilioque
1150 2321 1282 2376 exponet,
1307 2302 1380 2375 qood
1400 2309 1430 2357 in
1450 2302 1557 2357 edendo
1653 2360 1655 2368 ,

233 2382 289 2437 Ιιοο
305 2382 390 2435 Tullii
409 2379 505 2432 libello
525 2395 634 2434 secutus
655 2397 725 2433 sum.
753 2381 846 2448 Quem
865 2377 990 2431 libellum
1012 2398 1095 2452 quum
1117 2384 1292 2433 instituerem
1312 2377 1402 2444 edere,
1422 2396 1479 2432 non
1498 2394 1556 2433 erat

235 2463 344 2512 animus
364 2462 390 2510 ei
417 2453 687 2510 animadversionum
713 2470 836 2508 mearum
861 2452 1011 2524 quidquam
1037 2454 1193 2526 adiungere.
1239 2453 1291 2508 Sed
1316 2459 1406 2507 evenit
1433 2451 1555 2508 fervente

234 2532 345 2608 praelo,
366 2548 396 2586 ut
416 2537 498 2604 eopia
517 2527 587 2585 mihi
607 2530 682 2585 beret
702 2546 872 2585 vetustorum
892 2528 1064 2600 quorundam
1083 2529 1212 2582 codicum
1232 2534 1305 2601 typis
1325 2546 1505 2592 excusorum,
1525 2533 1557 2582 in

234 2608 333 2681 quibus
355 2607 527 2660 Tusculanae
547 2612 770 2670 continerentur;
798 2623 854 2679 quo
873 2601 996 2672 factum,
1015 2622 1046 2659 ut
1065 2604 1181 2659 subinde
1201 2604 1296 2657 oculos
1316 2609 1345 2656 in
1365 2621 1412 2657 eos
1433 2609 1557 2657 coniice-

233 2701 293 2737 rem
313 2698 394 2752 atque
415 2699 478 2734 cum
498 2681 654 2754 vulgaribus
673 2681 753 2738 libris
768 2701 819 2740 ,eos
840 2696 1042 2753 compararem.
1088 2680 1201 2734 illectus
1221 2679 1341 2733 utilitate
1362 2683 1401 2732 rei
1422 2684 1555 2752 processi,

233 2774 316 2831 quam
344 2761 426 2809 initio
452 2755 592 2822 volebam,
621 2751 746 2812 ulterius.
789 2759 911 2813 Exhausi
938 2772 1051 2829 operam
1077 2754 1160 2810 taedii
1186 2754 1310 2829 plenam;
1341 2754 1414 2832 quod
1435 2753 1557 2807 taedium

233 2849 369 2904 quantum
389 2830 487 2897 luerit,
512 2849 545 2886 ex
564 2849 597 2884 eo
617 2847 708 2903 potest
728 2832 864 2904 intelligi,
885 2831 957 2904 quod
977 2837 1126 2905 impetrare
1146 2848 1162 2882 a
1180 2849 1224 2884 me
1243 2848 1301 2883 non
1320 2835 1415 2903 potui,
1435 2846 1482 2894 ut,
1502 2830 1556 2900 boo

233 2907 346 2982 quidem
367 2923 506 2980 tempore,
525 2925 579 2978 quo
599 2907 653 2960 alia
672 2921 770 2979 urgent
790 2923 816 2960 et
837 2913 1036 2971 circumstant,
1062 2906 1135 2961 ultra
1156 2910 1268 2960 tertium
1289 2906 1392 2959 librum
1412 2904 1557 2958 conferen-

233 2984 332 3038 dorum
353 2988 424 3035 inter
444 2999 472 3035 se
492 2980 621 3036 codicum
640 2983 797 3036 molestiam
816 2981 962 3036 tolerando
982 2979 1178 3055 producerem:
1209 2979 1315 3035 fructus
1341 2996 1437 3034 tamen
1456 2996 1555 3054 operae

232 3074 326 3113 tantos
353 3058 420 3123 tull,
445 3073 475 3110 ut
501 3055 669 3111 decreverim
695 3057 864 3129 reliquorum
882 3056 1075 3110 Tullianorum
1094 3057 1128 3112 de
1154 3057 1356 3130 philosophicis
1382 3060 1554 3129 argumentis

230 3134 369 3190 librorum
389 3147 493 3185 veteres
513 3131 652 3187 editiones¹
670 3150 732 3185 cum
752 3130 953 3186 recentioribus
973 3132 1049 3185 horis
1070 3132 1221 3186 subsecivis
1250 3130 1392 3197 conferre,
1419 3145 1447 3183 et
1473 3132 1555 3184 huius

232 3208 318 3266 studii
339 3207 470 3273 fructum,
491 3224 601 3280 quoquo
622 3206 714 3272 modo,
735 3208 804 3261 olim
824 3206 983 3279 aliquando,
1003 3211 1026 3261 si
1046 3205 1103 3261 fata
1117 3212 1222 3272 sinant,
1244 3212 1273 3259 iu
1286 3204 1408 3259 medium
1421 3205 1556 3279 prolerre.

307 3284 346 3337 Ut
371 3281 541 3337 recudendas
570 3283 741 3356 typographo
768 3280 862 3335 darem
890 3287 918 3335 iu
938 3298 1035 3336 manus
1056 3287 1204 3358 praecipue
1224 3281 1410 3346 Tusculanas,
1437 3281 1492 3334 hoe
1510 3297 1554 3334 tas

232 3362 351 3413 maxime
378 3357 498 3429 impulit.
538 3357 713 3411 Exhibendus
734 3374 792 3411 erat
812 3357 931 3412 alumnis
957 3373 1035 3410 meae
1060 3357 1225 3430 disciplinae
1249 3356 1359 3410 libellus
1386 3355 1487 3426 aliquis
1507 3356 1556 3409 ct·

232 3437 341 3488 ceronis
361 3451 394 3485 ex
413 3433 625 3506 philosophicis.
652 3432 825 3506 Displicebat
845 3431 1051 3505 quodammodo
1072 3432 1140 3486 illud
1159 3449 1257 3485 omnes
1275 3429 1355 3485 iudos
1375 3446 1553 3504 pervagatum

232 3503 398 3564 Officiorum
418 3525 498 3580 opus,
515 3513 539 3561 si
560 3525 616 3561 non
636 3524 694 3560 tam
714 3507 750 3562 ob
770 3513 922 3580 argumenti
942 3512 1117 3580 gravitatem,
1135 3523 1300 3579 quamquam
1320 3523 1352 3560 ea
1371 3505 1466 3560 multis
1478 3503 1555 3558 vide·

231 3598 278 3639 tur
297 3598 407 3654 captum
428 3586 525 3635 aetatis
546 3582 659 3655 puerilis
679 3599 824 3656 superare,
853 3598 944 3635 tamen
971 3582 1094 3637 variandi
1122 3581 1278 3636 iucunditas
1298 3599 1324 3636 et
1345 3585 1476 3635 novitatis
1497 3597 1555 3634 stu·

230 3656 318 3722 dium,
339 3674 394 3729 quo
413 3655 541 3710 ducimur
561 3675 667 3725 omnes,
687 3677 789 3713 novum
808 3656 875 3731 quid
896 3674 923 3712 et
943 3674 994 3711 usu
1013 3657 1118 3730 vulgari
1138 3675 1194 3711 nott
1214 3662 1367 3711 contritum
1388 3656 1554 3728 postulabat.

231 3730 367 3790 Videbam
393 3750 463 3804 opus
488 3729 522 3785 de
541 3731 655 3786 Finibus
679 3734 732 3787 hae
757 3740 816 3807 ipsa
843 3732 932 3786 lorma
956 3735 1067 3787 chartae
1092 3750 1276 3807 typorumque
1304 3749 1434 3786 excusum
1455 3733 1554 3794 lislam

231 3825 315 3880 qoam
334 3806 455 3861 formam
473 3821 504 3861 ut
523 3823 683 3877 sequeretur
702 3815 731 3862 in
750 3827 845 3863 nostro
858 3808 963 3874 libello,
984 3810 1155 3882 typographo
1170 3824 1266 3862 auctor
1277 3806 1328 3862 fui.
1353 3811 1444 3880 Digna
1459 3811 1555 3879 cogni-

231 3888 309 3937 tione
329 3897 491 3956 argumenta
510 3897 631 3936 tractant
652 3885 703 3937 hae
716 3885 896 3952 Tusculanae,
915 3884 1001 3938 multo
1021 3900 1085 3937 eum
1103 3883 1213 3957 lepore;
1234 3902 1321 3956 neque
1337 3898 1369 3937 ea
1389 3898 1404 3934 a
1425 3887 1554 3935 iuvenum

231 3975 315 4031 captu
335 3957 488 4028 studiisque
507 3957 626 4011 multum
645 3959 744 4014 aliena.
790 3959 908 4014 Secutus
928 3976 1023 4013 autem
1042 3974 1084 4011 est
1105 3960 1289 4032 typographus
1310 3964 1339 4012 in
1359 3959 1403 4011 his
1422 3955 1555 4011 recuden-

231 4031 276 4088 dis
296 4033 460 4088 Tusculanis
481 4032 634 4105 exemplum
655 4034 867 4101 Ernestiannm,
892 4051 907 4086 a
934 4052 989 4106 quo
1008 4039 1082 4087 vetui
1102 4052 1138 4087 ne
1157 4034 1304 4088 vellatum
1323 4050 1444 4107 unguem
1464 4032 1553 4086 disce·

232 4106 319 4163 deret.
353 4110 548 4174 Verumtamen
569 4124 641 4174 eam,
660 4108 703 4162 vel
722 4110 926 4163 Gronorisnam
945 4114 1049 4181 potius,
1068 4108 1140 4162 unde
1160 4109 1208 4162 illa
1227 4108 1310 4163 dueta
1329 4126 1381 4174 est,
1400 4113 1478 4161 vitiis
1496 4125 1552 4161 non

231 4200 345 4249 vacare,
375 4185 447 4237 mihi
473 4187 601 4238 constitit
629 4202 644 4237 e
670 4199 792 4236 veterum
817 4183 1016 4256 exemplarium
1040 4183 1205 4252 collatione,
1229 4185 1379 4258 inquibus
1399 4182 1552 4236 baudraro

232 4258 365 4340 lectiones
392 4263 500 4336 inyeui,
526 4257 561 4310 ab
587 4257 648 4314 aliis
669 4263 824 4331 ignoratas,
853 4264 951 4312 tacitas
972 4259 1099 4330 quidem,
1125 4279 1192 4333 quas
1213 4278 1302 4330 neque
1320 4258 1507 4313 dissimulatae
1525 4273 1552 4312 et

231 4333 391 4387 obscuratas
411 4335 533 4399 silentio,
554 4352 642 4406 neque
662 4349 781 4388 mutatas
799 4351 922 4406 unquam
937 4323 1000 4388 ‘esse
1020 4351 1070 4407 par
1088 4331 1187 4389 fuerat.
1215 4335 1430 4409 Saepenumero
1450 4332 1551 4387 laetum

232 4425 290 4475 est,
320 4425 350 4461 ut
371 4415 539 4462 recentiores
559 4408 679 4463 editores
700 4410 861 4474 Ciceronis,
891 4426 938 4464 aut
958 4427 1070 4476 errore,
1096 4408 1170 4481 quod
1195 4428 1280 4483 genus
1305 4410 1360 4463 late
1385 4424 1479 4483 patet,
1505 4423 1551 4461 aut

232 4500 315 4558 praua
334 4486 492 4557 corrigendi
512 4499 540 4538 et
559 4489 653 4536 omnia
673 4483 856 4538 conturbandi
876 4484 1008 4551 libidine,
1032 4490 1182 4540 aretustis
1202 4485 1388 4539 discesserint.
1427 4487 1550 4553 Quorum

232 4558 362 4613 inlibris
382 4559 487 4627 latent,
505 4559 574 4612 mibi
594 4558 690 4627 erede,
710 4560 864 4632 gemmulae
883 4560 1020 4614 bonarum
1039 4559 1239 4634 probarumque
1256 4561 1422 4627 lectionum,
1440 4558 1476 4611 ab
1495 4556 1552 4612 edi·

232 4634 351 4700 toribus,
369 4637 392 4686 si
413 4641 460 4705 qui
480 4632 657 4707 postmodum
677 4640 820 4703 exsistens,
839 4641 887 4708 qui
906 4634 1012 4691 salvum
1031 4635 1260 4709 emendatumque
1275 4638 1439 4690 Ciceronem
1457 4633 1550 4701 veiint,

232 4707 323 4763 denuo
343 4706 521 4764 revocandae.

309 4787 429 4839 Fuerunt
449 4799 543 4838 autern
563 4783 598 4837 ad
617 4801 715 4839 manus
735 4785 806 4840 mibi
825 4786 1045 4842 Tusculanarum
1066 4784 1201 4842 editiones
1219 4802 1350 4859 quattuor
1367 4801 1487 4840 saeuum
1503 4786 1550 4841 se·

232 4857 296 4912 culo
316 4861 378 4915 XV.
406 4864 436 4913 iu
463 4861 544 4915 ltalia
570 4876 697 4927 curatae,
724 4859 792 4915 duae
812 4862 953 4932 Venutiis,
979 4861 1095 4918 totidem
1116 4860 1282 4921 Mediolani.
1301 4862 1342 4942 ¹B
1361 4860 1455 4916 Seculi
1474 4860 1551 4917 XVI.
