3384 5359
750 198 1029 302 urrunnun.

570 412 1225 565 triturnortouirt.¹

351 625 433 698 “Ort
455 634 511 697 ἴσα
533 628 575 697 τὰ
596 626 818 719 ἁμαρτήματα
840 636 896 697 καὶ
919 624 959 696 tri
979 625 1240 719 κατορθώματα.

361 726 545 812 [Aequalia
564 747 638 788 esee
655 737 796 817 peccata
817 736 851 788 ct
872 737 963 789 recte
972 723 1112 816 factm]

318 850 349 914 l.
383 851 435 912 20.
465 848 592 921 Parva,
616 845 750 930 inquit¹,
773 866 826 908 res
849 857 914 910 est:
943 858 975 908 at
996 867 1107 930 magna
1129 846 1236 928 eulpa.
1280 828 1349 909 Nee
1371 808 1451 908 enini
1473 870 1548 929 pee-

90 922 95 931 ⁴
169 980 171 989 <
234 956 305 1008 eata
336 963 443 1005 rerum
473 950 605 1013 eventu,
639 940 695 1001 ted
723 936 806 1002 vitiis
834 939 995 1003 hominum
1018 939 1169 1002 metienda
1196 951 1280 1002 sunt.
1324 939 1362 1002 ln
1385 960 1450 1022 quo
1474 962 1546 1021 pee-

234 1051 342 1113 catur,
369 1036 400 1098 id
423 1045 529 1117 potest
545 1033 634 1098 ,aliud
656 1031 719 1095 alio
741 1033 838 1095 maius
863 1053 931 1095 esse
953 1043 1005 1096 aut
1027 1032 1167 1094 minus²-:
1203 1030 1306 1113 ipsum
1328 1032 1451 1116 quidem
1473 1035 1546 1096 illud

233 1152 385 1215 peecare,
419 1149 550 1212 quoquo
573 1125 739 1199 verteris³,
773 1147 867 1189 rmutu
897 1137 957 1187 est.
1002 1126 1085 1207 Auri
1110 1128 1249 1187 narem*t
1277 1136 1400 1187 evertat
1429 1129 1545 1210 guber-

234 1237 346 1300 nator,
385 1244 423 1284 an
453 1220 581 1302 paleae3
617 1217 649 1279 in
678 1239 713 1280 re
742 1218 966 1302 aliquantum⁵,
1004 1219 1035 1280 in
1058 1218 1280 1302 gubernatoris
1309 1217 1450 1280 itrseitia‘⁵
1472 1221 1544 1284 nihil

234 1318 377 1380 interestss
421 1316 527 1395 Lapsa
550 1323 599 1375 est
620 1311 717 1375 libido
739 1310 770 1373 iu
794 1310 924 1374 muliere
946 1312 1075 1396 ignota:
1110 1312 1203 1374 dolor
1224 1313 1264 1373 ad
1283 1310 1545 1394 parreiores'per·

234 1411 330 1486 tinet,
368 1430 461 1493 quam
490 1407 516 1469 ri
544 1406 686 1488 petulans
713 1405 824 1468 suisset
845 1404 875 1467 in
900 1405 1031 1495 aliqua⁷¹
1047 1426 1200 1490 generosa
1224 1426 1261 1467 ae
1281 1400 1380 1466 irobili
1401 1405 1542 1490 virgine:

234 1503 400 1586 peceavit⁸
421 1523 500 1565 veru
521 1501 740 1577 nihilominus,
773 1498 945 1583 siquidem
975 1510 1023 1561 est
1049 1520 1181 1581 peecare
1210 1509 1363 1580 tamquam
1391 1488 1543 1562 trausire’

163 1644 167 1651 ¹
233 1597 351 1661 lineas:
386 1598 472 1680 quod
496 1616 597 1679 quum
624 1584 784 1668 feeeris¹⁰,
820 1592 913 1672 culpa
942 1591 1107 1655 commissa
1133 1603 1197 1654 est:
1234 1611 1328 1675 quarn
1351 1588 1447 1674 longe
1470 1614 1544 1673 pro·

235 1690 397 1775 grediare,
422 1695 518 1774 quuiu
541 1687 635 1750 semel
659 1684 838 1761 transieris,
864 1688 902 1747 ad
925 1689 1097 1770 augendam
1119 1686 1242 1766 eulpam
1253 1686 1276 1723 11
1298 1681 1372 1745 nihil
1393 1687 1542 1763 pertinet.

233 1787 373 1849 Pereare
406 1794 493 1844 certe
525 1780 598 1843 lieet
629 1780 755 1843 nemini.
800 1780 897 1861 Quod
913 1782 938 1821 11
966 1793 1069 1844 autem
1102 1801 1166 1842 unu
1196 1778 1288 1857 lieet,
1326 1777 1360 1839 id
1388 1779 1453 1840 hoe
1481 1801 1543 1842 unu

232 1889 377 1954 tenetur,
412 1875 438 1939 si
460 1873 606 1959 arguitur
627 1895 690 1937 non
711 1873 821 1936 licere.
866 1873 904 1935 Id
925 1873 951 1936 si
973 1875 1065 1935 nee¹³
1088 1872 1185 1934 maius
1208 1894 1266 1935 nee
1287 1876 1387 1938 minus
1410 1897 1545 1958 uuquam

232 1972 302 2037 fieri
323 1982 431 2055 potest
458 1968 624 2047 (quoniam
651 1966 682 2029 iu
706 1987 746 2030 eu
771 1977 818 2028 eet
839 1980 1020 2047 precatum,
1044 1966 1072 2029 ei
1093 1989 1156 2029 non
1179 1967 1268 2029 licuit
1276 1991 1294 2042 ·,
1315 1974 1401 2054 quod
1421 1991 1544 2050 semper

231 2086 327 2128 unum
356 2074 388 2127 et
416 2062 500 2125 idem
527 2063 594 2141 est)
627 2081 708 2144 quae
734 2082 775 2122 ex
802 2080 841 2121 en
871 2072 1001 2142 peecata
1029 2063 1242 2137 naseunturst,
1283 2063 1422 2147 aequalia
1451 2062 1545 2127 aint²⁵

135 2208 137 2216 .
232 2165 375 2241 eportet.
433 2156 485 2218 21.
527 2154 622 2234 Quod
653 2151 680 2213 si
716 2152 847 2214 virtutes
884 2174 976 2233 pares
1010 2168 1081 2216 sunt
1113 2155 1194 2229 inter
1227 2157 1312 2234 ⁸0¹⁶,
1353 2158 1441 2240 paria
1476 2179 1545 2220 esse

234 2252 325 2316 etiam
343 2249 367 2289 ¹⁷
395 2248 469 2312 vitia
497 2268 624 2315 necesse
649 2257 708 2308 est.
753 2245 854 2328 Atqui
881 2267 973 2328 pares
1002 2269 1071 2310 esse
1094 2248 1244 2325 virtutes,
1284 2273 1341 2314 nee
1363 2255 1448 2316 bono
1470 2252 1543 2315 viro

232 2345 413 2418 meliorem,
443 2365 501 2405 nee
524 2352 719 2423 temperante
741 2341 1018 2420 temperantiorem
1029 2344 1064 2418 11,
1093 2363 1150 2403 nee
1171 2342 1249 2406 forti
1273 2343 1458 2419 fortiorem,
1487 2365 1546 2406 nee

231 2437 405 2520 eapiente¹⁹
430 2437 652 2518 sapientiorem
674 2454 770 2517 posse
798 2433 913 2507 fieri20,
950 2435 1131 2497 facillitue⁹¹
1160 2449 1267 2517 potest
1294 2438 1446 2520 perspici.
1490 2440 1544 2501 An

231 2530 334 2592 virum
357 2533 474 2617 benum
496 2529 598 2605 dices,
636 2527 689 2611 qui
712 2528 888 2608 depositum
915 2527 1005 2591 nullo
1032 2540 1129 2604 teste,
1165 2551 1257 2613 qutun
1281 2532 1398 2594 lucrari
1420 2533 1544 2612 impune

232 2635 342 2704 posset
366 2621 437 2684 auri
458 2625 567 2704 ponde
590 2624 715 2696 decem,
740 2619 927 2695 reddiderit,
951 2622 978 2683 si
1000 2621 1078 2683 idem
1097 2621 1128 2683 in
1153 2626 1258 2685 decern
1277 2622 1412 2692 millibus
1435 2628 1543 2707 pondo

231 2737 295 2779 nnn
329 2716 484 2797 [idem22]
516 2714 651 2779 iecerit?
691 2727 743 2777 aut
774 2724 1000 2795 temperantem
1033 2715 1197 2795 [eumffl],
1236 2716 1289 2800 qui
1317 2738 1351 2780 ee
1378 2718 1411 2779 in
1440 2708 1544 2801 aliqua

231 2808 357 2871 libidine
380 2807 586 2884 continuerit,
624 2806 654 2869 iu
679 2807 780 2891 aliqua
806 2807 975 2871 effuderit?
1019 2808 1071 2870 22.
1110 2811 1180 2873 Una
1212 2809 1310 2872 virtus
1341 2822 1388 2874 eet
1410 2830 1544 2874 eonsen-

231 2902 312 2967 tiens
342 2924 412 2964 eum
435 2904 558 2964 ratione
586 2903 651 2964 et²³
671 2914 824 2983 perpetua
853 2902 1043 2964 constantia.
1089 2902 1174 2965 Nihil
1196 2904 1302 2965 huie²⁵
1324 2904 1396 2966 addi
1419 2915 1544 2986 potest,

304 3073 344 3150 (¹)
363 3075 410 3128 Sie
424 3078 484 3129 Bet.
499 3077 552 3127 Gn.
567 3093 593 3146 p.
608 3089 632 3126 a.
642 3074 675 3126 V.
688 3074 719 3127 L.
731 3074 760 3127 P.
781 3073 872 3146 (prob.
893 3072 997 3128 Geruli.
1018 3080 1046 3128 in
1066 3075 1155 3142 Add.)
1175 3077 1256 3149 Borg.
1275 3107 1314 3119 -
1330 3083 1421 3149 inquis
1441 3077 1553 3131 Ceteri..

229 3158 290 3223 (z
307 3155 412 3223 inpuid,
437 3158 480 3201 ert
499 3166 544 3200 res
571 3168 597 3221 p.
617 3165 642 3201 a.
662 3150 694 3202 V.
721 3177 760 3191 -
777 3154 883 3218 inquit,
907 3157 950 3201 est
968 3160 999 3200 rat
1017 3169 1121 3219 magna
1142 3153 1220 3222 culpa
1247 3153 1301 3206 Gn.
1321 3155 1350 3208 P,
1378 3183 1415 3196 -
1434 3171 1490 3207 om.
1510 3162 1543 3204 ar

228 3231 292 3284 Ber.
324 3252 360 3269 ·-
389 3243 443 3278 om.
472 3226 539 3277 haee
564 3223 661 3276 Parva
678 3254 698 3267 -
716 3255 735 3267 -
753 3256 772 3267 -
790 3226 872 3296 culpa
898 3224 944 3279 Cr.
970 3226 1012 3278 M.
1032 3226 1090 3277 Ma.
1112 3227 1222 3295 Bentl.)
1273 3229 1310 3295 (1)
1343 3255 1378 3270 -
1408 3245 1462 3280 em.
1490 3237 1542 3281 aue

229 3308 319 3356 ntt‘mes
337 3301 400 3355 Bar.
418 3329 457 3344 -ι
475 3300 507 3351 id
522 3308 615 3369 potest
633 3298 711 3350 aliud
728 3301 785 3351 alio
802 3307 891 3351 mairie
910 3290 1123 3372 ipsum⁴qnidem
1142 3304 1172 3356 P.
1222 3304 1259 3372 (3)
1287 3332 1323 3346 ·-
1341 3321 1445 3375 quoque
1467 3312 1493 3354 te
1511 3324 1540 3358 ar.

132 3428 134 3431 .
228 3379 274 3434 Cr.
295 3377 336 3431 M.
355 3375 414 3428 Ma.
435 3375 464 3428 Ι..
512 3376 549 3442 (1)
576 3393 614 3428 ::
632 3380 729 3426 navim
749 3378 778 3429 Ρ.
826 3373 863 3448 (5)
890 3393 952 3428 cum
971 3375 1036 3428 Cdd.
1061 3395 1087 3448 p.
1107 3393 1131 3428 a.
1152 3382 1195 3430 tle.
1217 3383 1248 3433 t.
1269 3378 1309 3431 M.
1330 3380 1390 3432 Ma.
1410 3380 1439 3431 L.
1461 3379 1541 3451 Berg.

213 3440 266 3499 ’.-.
284 3449 485 3522 aliqrmntulum
504 3451 606 3503 Ceteri.
657 3449 694 3515 (⁶)
727 3449 773 3503 Sic
797 3469 860 3504 cum
879 3450 947 3504 Cdd.
967 3450 1077 3523 plerirq.
1098 3452 1129 3504 B.
1149 3452 1211 3506 Bar.
1233 3440 1286 3507 Gn]
1315 3458 1381 3527 (p.)
1401 3470 1425 3507 a.
1444 3455 1489 3508 Cr.
1508 3455 1541 3508 V.

152 3561 155 3574 .
228 3531 273 3586 M.
290 3526 348 3580 Me.
369 3530 396 3586 ὅ.
416 3527 449 3577 Η.
469 3525 504 3578 G.
525 3524 560 3578 N.
587 3553 624 3567 -
653 3530 800 3576 imct'entr'a
833 3527 863 3578 L.
894 3528 924 3580 P.
948 3540 970 3582 t.
990 3532 1016 3580 2.
1066 3525 1103 3599 (⁷)
1133 3555 1172 3569 ·-
1199 3530 1258 3580 alia
1287 3528 1322 3582 G.
1352 3547 1405 3581 err.
1436 3544 1541 3601 typogr.

228 3604 334 3677 (3)...
348 3607 490 3672 peccatum
511 3601 540 3652 P.
589 3598 627 3672 (⁹)
655 3604 702 3654 stc
722 3600 790 3654 cdd.
811 3617 917 3654 tautum
943 3619 998 3653 non
1019 3618 1129 3668 omnes,
1160 3607 1243 3657 etiem
1262 3606 1294 3658 Β.
1314 3606 1373 3657 Bae.
1394 3603 1448 3657 Gu.
1468 3623 1493 3676 p.
1514 3620 1540 3657 a.

228 3688 273 3735 cr.
294 3679 443 3729 Victorius.
470 3674 510 3726 M.
536 3674 594 3727 Me.
620 3674 651 3726 L.
673 3676 703 3728 P.
732 3702 766 3716 -
785 3679 928 3728 transilire
954 3676 1025 3733 Otx.
1052 3678 1132 3730 Herr.
1154 3683 1235 3737 1552.
1255 3679 1345 3733 Gebit.
1367 3684 1392 3738 5.
1414 3690 1438 3734 1.
1460 3687 1485 3731 9.
1505 3682 1540 3731 G.

226 3756 310 3826 Borg.
330 3751 365 3806 N.
403 3748 472 3811 sed,
502 3747 591 3801 delete
610 3748 693 3821 glore.
713 3752 892 3819 transeundi,
922 3768 1034 3824 propter
1053 3759 1291 3823 semimarinis,
1321 3754 1374 3806 hoe
1393 3770 1499 3824 quoque
1519 3753 1538 3807 l.

227 3832 376 3901 requiritur
395 3823 462 3878 Cdd.
483 3823 675 3897 plerorumque
694 3824 787 3879 lectio.
830 3830 841 3891 (
845 3825 883 3900 ¹⁰)
907 3857 944 3870 -
962 3826 1176 3898 ᾳιιοά’.τι“,ᾳιιιυη
1187 3827 1298 3898 seceris
1317 3844 1456 3898 tamquam
1475 3846 1542 3881 cnm

226 3908 368 3967 victorio,
399 3899 488 3954 Bentl.
525 3906 561 3953 At
581 3917 636 3951 non
656 3903 697 3951 tie
717 3901 798 3953 habet
816 3905 959 3955 Victorino
984 3907 1057 3973 ipre,
1086 3903 1134 3957 red
1153 3910 1282 3975 repetitio
1302 3903 1369 3957 Βοὴ.
1390 3903 1538 3975 Stephani;

228 3979 255 4034 td
276 3977 348 4051 quod
369 3993 461 4029 rurtue
480 3973 644 4028 documento
663 3990 720 4038 ert,
753 3977 825 4029 hene
843 3993 929 4050 repet.
948 3977 1051 4031 nnllam
1077 3977 1156 4031 fidem
1174 3984 1283 4033 mereri.
1335 3979 1385 4044 (¹¹)
1417 3980 1464 4031 Sir
1483 3980 1538 4033 Gn.

226 4054 293 4111 Aut.
311 4050 427 4105 Feceiel.
448 4051 481 4103 Η.
506 4048 596 4103 :de
616 4054 740 4112 Graevii,
766 4051 855 4106 Bentl.
875 4068 903 4106 et
922 4053 958 4107 G.
976 4059 1112 4106 sententie
1131 4054 1180 4108 N.:
1206 4054 1246 4105 ad
1261 4070 1328 4123 ang.
1348 4054 1538 4127 [transeundi]

225 4129 343 4200 culpam.
380 4126 445 4179 Siue
475 4130 553 4178 uncie
582 4126 684 4180 Ceteri.
716 4123 771 4199 (--
793 4128 902 4199 culpam
929 4128 1085 4179 transiendi
1111 4130 1143 4182 Β.
1172 4158 1211 4171 -
1229 4130 1403 4181 transernrtls
1430 4131 1538 4200 eulpam

227 4205 292 4259 Ern.
314 4219 388 4274 turp.
408 4199 485 4272 preb.
506 4203 605 4270 Borg.)
656 4198 707 4274 (¹2)
737 4229 775 4242 ·-
793 4197 934 4274 Quidquid
950 4212 1043 4255 antem
1072 4203 1167 4257 Duitb.
1218 4204 1268 4270 (¹³)
1298 4234 1337 4246 -
1353 4204 1389 4256 ld
1406 4204 1538 4275 siquidem
1590 4236 1594 4249 ·

226 4297 276 4331 nee
294 4293 319 4331 a.
339 4277 385 4330 Cr.
406 4278 445 4329 M.
466 4276 495 4327 L.
516 4278 545 4329 P.
563 4304 602 4318 -
620 4275 655 4327 Id
672 4294 721 4327 nec
739 4276 798 4329 Ma.
817 4302 854 4317 -
873 4278 997 4349 Quodsi
1014 4296 1063 4330 nee
1081 4281 1112 4333 Β.
1161 4278 1212 4349 (11)
1237 4308 1272 4321 -
1290 4289 1447 4331 nascantur
1466 4299 1492 4353 p.
1513 4298 1538 4333 a.

227 4358 273 4411 cr.
301 4355 331 4404 v.
363 4353 403 4404 tl.
432 4350 489 4403 Ma.
540 4348 593 4423 (¹⁵)
625 4379 660 4392 -
686 4359 717 4402 ut
738 4356 796 4403 sint
819 4353 883 4407 Bne.
904 4353 944 4407 M.
995 4352 1044 4420 (11)
1077 4371 1114 4408 ee
1132 4360 1187 4408 ern.
1207 4361 1329 4406 interro
1348 4355 1380 4407 Β.
1401 4358 1462 4408 Bes.
1483 4358 1537 4408 Gn.

225 4429 278 4499 (17)
309 4441 346 4479 ω
375 4442 429 4479 otu.
457 4430 541 4476 etiam
570 4427 602 4478 B.
632 4426 693 4480 Bar.
725 4426 779 4480 Gu.
829 4426 880 4501 (11)
910 4440 949 4473 -ὲ
967 4436 1121 4499 temperato
1140 4435 1366 4502 temperatiorem
1391 4431 1454 4483 Bet.
1473 4449 1536 4483 curn

225 4504 329 4560 multis.
347 4500 406 4553 rM.
445 4497 495 4613 (11)
513 4521 550 4556 =
564 4499 685 4571 inpierttt'
702 4501 764 4554 Bar.
780 4520 805 4574 p.
844 4504 895 4568 (11)
914 4533 947 4546 -
969 4520 1023 4556 em.
1038 4522 1122 4576 posse
1133 4503 1206 4575 fieri
1224 4506 1286 4559 Bar.
1337 4503 1375 4577 ²¹)
1394 4535 1431 4547 —
1442 4503 1537 4575 J'acr'&

225 4586 271 4637 Cr.
291 4578 332 4631 M.
354 4576 413 4632 Ma.
451 4573 501 4651 (1)
520 4590 557 4627 ee
576 4592 629 4628 orn.
649 4575 720 4627 idem
741 4575 809 4632 Cdd.
828 4578 923 4639 multi;
943 4581 1049 4642 Bruti,
1069 4578 1140 4632 unde
1160 4581 1195 4635 G.
1216 4580 1323 4652 recte[
1347 4618 1354 4633 .
1375 4579 1427 4648 (-
1443 4582 1536 4653 poinde

223 4660 288 4709 anri
308 4655 368 4706 Bae.
396 4671 421 4725 p.
441 4669 465 4705 a.
487 4650 533 4703 Cr.
552 4650 584 4703 V.
605 4651 645 4704 M.
667 4652 697 4705 L.
719 4652 748 4705 P.
780 4681 817 4694 —
842 4659 906 4706 artri
926 4653 1021 4725 pondo
1046 4656 1077 4708 B.
1099 4654 1152 4709 Gu.
1184 4684 1221 4698 -
1247 4661 1276 4707 in
1301 4658 1392 4707 aierem
1418 4658 1537 4709 tuditibus

224 4750 280 4782 nort
310 4726 382 4778 idem
406 4723 438 4795 s.
473 4726 549 4790 Ma.)
600 4726 649 4791 (11)
681 4743 718 4779 ee
744 4745 797 4780 om.
825 4747 885 4780 erem
914 4730 945 4782 Β.
974 4734 1034 4782 uns.
1064 4729 1116 4783 Gu.
1147 4749 1175 4803 p.
1199 4731 1230 4784 V.
1257 4731 1314 4783 Ma.
1342 4734 1368 4783 Ρ.
1408 4731 1465 4803 Ego
1492 4733 1533 4807 [1.

225 4804 274 4884 (11)
293 4832 331 4847 -·-
350 4810 378 4853 et
397 4801 450 4856 del.
469 4815 563 4857 eentrt
583 4802 679 4859 (itaer.
700 4804 778 4876 prob.
798 4803 866 4855 Lau.
904 4802 954 4877 (15)
973 4819 1011 4858 re
1028 4803 1080 4858 duc
1098 4806 1163 4860 itm.
1182 4825 1209 4881 p.
1230 4808 1262 4861 V.
1283 4805 1343 4860 ride
1362 4806 1443 4880 Burg.
