3384 5359
1207 52 1216 82 δ

207 182 294 260 fibi)
422 180 424 183 ’
630 182 893 249 CLAUDIAM
920 182 1149 251 utamini]

172 398 175 405 Ι
232 320 392 385 turaiiter
413 333 508 385 mota
527 335 620 386 erint.
663 323 701 387 In
722 324 895 388 Phaedone
916 335 1018 388 sertem
1041 325 1089 389 sic
1117 329 1200 414 ιριιᾶ
1229 329 1361 392 cundem
1381 330 1566 397 Platonem

231 438 301 477 eum
318 417 443 479 Simmia
463 428 494 480 et
514 416 635 482 Cebete
658 416 789 502 aliisque
807 418 1008 525 philosophis
1025 423 1177 485 Socrates
1205 422 1362 505 loquitur3
1394 436 1428 487 ut
1453 449 1566 511 qutun
1636 490 1637 507 ,

231 509 392 573 videamus
414 511 479 573 illie
500 512 592 575 valde
614 523 821 574 consentanea
845 511 1028 597 nostrisque
1057 516 1177 596 oppido
1208 517 1449 581 convenientia¹
1472 541 1564 602 pro·
1636 570 1637 573 ι

230 603 385 709 ιιιιιιιίιιί,
417 625 497 688 quae
520 626 582 667 non
605 606 707 667 solum
731 606 924 686 praeiudicio
948 607 1146 671 auctoritatis
1169 619 1315 679 utuntur,
1350 613 1407 673 sed
1430 613 1563 677 virtute

230 696 362 760 rationis
382 698 657 773 adminiculantur,
683 697 967 787 animadvertamus
985 713 1113 791 praeter
1130 701 1268 765 nativum
1288 705 1443 769 harmanno
1460 729 1560 770 meu·

230 789 272 853 tis
294 790 483 875 vigorem,
483 793 577 854 hasce
601 791 746 853 videlicet
768 790 902 867 animas,
927 814 1007 875 quae
1029 806 1091 856 tam
1111 807 1234 859 remota
1255 810 1441 877 persecutae
1456 811 1554 875 srrnt,

230 893 292 945 tam
313 886 415 947 clausa
436 884 599 959 adierunt,
624 895 685 946 tam
705 884 829 964 penita²
851 885 1018 971 viderunt,
1054 885 1172 950 idcireo
1194 888 1339 951 videlicet
1358 891 1474 955 lumine
1497 914 1556 955 re-

131 995 132 998 ’
229 978 332 1041 nitatis
363 978 499 1052 afflatas,
532 990 565 1041 ut
593 977 623 1045 in
654 977 785 1039 salutem
816 980 944 1062 generis
971 980 1098 1049 humani
1126 993 1204 1045 toto
1219 985 1408 1066 quandoque
1431 989 1552 1049 mrrndo

230 1071 376 1135 divinitus
399 1071 514 1135 editum
538 1074 652 1155 dogma
675 1075 758 1153 apud
777 1075 871 1139 rudes
891 1073 959 1137 veri
979 1073 1117 1158 gentium
1139 1086 1255 1137 mentes
1275 1076 1437 1160 gentilium
1456 1079 1551 1141 testi·
1636 1104 1637 1107 ¹

229 1166 342 1229 moniis
365 1169 545 1237 uteretur³‚
575 1187 640 1249 qrro
662 1167 763 1250 magis
785 1166 983 1250 ignorantiae
1005 1167 1137 1231 nubilo
1159 1180 1303 1244 caecata,
1327 1182 1358 1232 et
1379 1170 1550 1243 infidelita·
1636 1234 1637 1245 ,

229 1258 270 1321 tis
291 1259 452 1343 frigore
443 1281 476 1321 ιιι
504 1260 658 1365 quandam
689 1260 822 1342 glaciem
852 1262 960 1322 durata
993 1262 1150 1344 gentilitas
1179 1265 1395 1351 Evangelieae
1426 1269 1549 1331 verita-

228 1352 269 1459 tis
291 1353 392 1417 calori
413 1356 560 1428 cederet,
595 1353 620 1416 si
650 1355 771 1429 eadem
793 1352 909 1415 veritas
932 1355 1164 1419 adversantium
1188 1380 1316 1443 quoque
1337 1360 1463 1425 sibimet
1484 1383 1545 1426 ore
1636 1392 1637 1435 3

229 1434 403 1514 sonuisset
456 1449 521 1512 Αιιῑ
543 1469 600 1509 eur
621 1468 685 1511 non
706 1447 786 1509 haec
814 1450 924 1510 eadem
954 1469 1013 1530 per
1034 1450 1244 1532 philosophos
1273 1453 1403 1517 nobis
1394 1476 1425 1516 m
1455 1477 1547 1519 usum
1636 1522 1637 1525 ,

229 1542 298 1606 reri
329 1544 457 1606 caelitus
484 1552 656 1651 procurata
686 1543 870 1617 credamus,
905 1563 986 1625 quae
1016 1545 1054 1605 ad
1083 1547 1330 1633 redarguendam
1359 1560 1545 1625 nostrorum

229 1658 358 1723 quoquc
380 1637 569 1730 imperitiam
591 1636 677 1698 utilia
700 1636 771 1699 iore
794 1634 1043 1719 cognoscimus?
1064 1624 1287 1702 Persuadens
1279 1639 1378 1725 igitur
1392 1642 1423 1706 in
1439 1645 1546 1706 Phae·
1636 1644 1637 1707 j

177 1744 181 1763 ·
229 1734 312 1795 done
334 1731 504 1795 Socrati
481 1753 526 1793 sie
547 1731 589 1791 ait
619 1750 695 1791 vera
726 1729 826 1791 ratio:
859 1731 976 1793 Donec
1004 1751 1130 1813 corpus
1151 1732 1355 1808 babeamus,
1385 1737 1546 1844 permix-

228 1836 351 1909 tusque
372 1825 418 1887 sit
439 1823 502 1888 tali
523 1824 613 1885 malo
634 1832 752 1885 noster
778 1822 934 1897 animur,
969 1842 1144 1911 nunquam
1171 1846 1236 1889 nos
1264 1826 1319 1901 id,
1352 1830 1487 1912 quoti
1473 1852 1545 1894 ram
1636 1882 1637 1899 .

229 1919 312 1983 οΙίιιι
331 1917 621 1999 conterspiscimus,
651 1914 738 1979 satis
755 1915 877 1996 ptene⁵
898 1928 1161 1990 consecuturam
1188 1920 1460 2000 concupiscimus
1479 1945 1543 1986 aa·
1636 1990 1637 1993 ,

119 2008 127 2023 ‘
228 2024 297 2076 tem
327 2011 399 2075 veri
430 2010 619 2075 scientiam.
674 2011 807 2091 Corpus
838 2007 930 2070 enim
956 2009 1054 2073 nobis
1077 2009 1231 2093 primum
1258 2012 1543 2081 annumerasset
1582 2070 1585 2075 ι
1636 2068 1637 2091 ξ

118 2180 125 2185 ,
227 2118 261 2171 et
281 2106 442 2185 infinitas
462 2102 701 2187 occrspationes
722 2099 851 2190 infert,-
878 2101 999 2185 quibus
1020 2103 1229 2176 conterimur
1249 2105 1292 2167 ob
1312 2109 1544 2173 neceesarium

226 2201 373 2266 uictum⁷
401 2212 434 2263 et
463 2200 662 2262 alimentum
681 2195 951 2280 quotidianum.
996 2197 1129 2261 Deinde
1144 2197 1253 2281 siqui
1271 2199 1381 2268 morbi
1398 2198 1540 2284 ingrics-
1636 2186 1637 2207 ¹

227 2296 348 2371 runt⁹,
379 2293 619 2378 impedimento
639 2301 737 2366 sunt,
768 2311 836 2374 quo
858 2287 971 2351 minus
981 2289 1006 2328 ¹⁰
1026 2289 1199 2373 inquirere
1226 2301 1260 2354 et
1281 2290 1433 2356 invenire
1454 2294 1542 2358 veri·
1636 2326 1637 2337 ι

226 2401 334 2454 tutem
349 2388 538 2473 possimus.
591 2389 686 2451 Nam
713 2382 957 2466 cupiditatibus
986 2394 1020 2446 et
1049 2384 1267 2466 cupidinibus
1288 2394 1331 2465 ¹et
1360 2384 1541 2451 timoribus

226 2479 530 2547 innumerabilibus
550 2478 727 2542 emiorum
748 2499 866 2541 rerum
888 2475 1200 2561 appetitionumque
1224 2477 1410 2546 visionibus
1431 2492 1465 2543 ct
1489 2480 1539 2543 in·

146 2604 149 2607 ·
219 2576 334 2658 finita
353 2575 502 2660 quatiam
522 2571 693 2636 dementia
713 2591 840 2653 corpus
861 2581 1045 2648 oneratur,
1079 2584 1118 2634 ut
1147 2580 1234 2654 pra'e
1261 2571 1321 2635 itto
1349 2593 1392 2635 ne
1419 2593 1539 2656 sapere
1636 2654 1637 2659 η

226 2670 362 2757 quidem
383 2669 456 2731 ulla
475 2667 512 2730 in
532 2690 569 2729 re
587 2665 774 2749 possimus.
819 2668 868 2729 Et
888 2664 919 2728 si
940 2665 1077 2748 quando
1096 2675 1229 2746 tempus
1246 2665 1387 2748 aliquod
1403 2665 1452 2728 ati
1463 2666 1539 2749 plri-
1636 2702 1637 2747 t

226 2762 477 2846 losoplrandum
499 2782 643 2823 caeram
663 2761 715 2821 vet
741 2758 960 2821 babuerimus
991 2762 1041 2823 uel
1057 2757 1273 2850 fecerimus,
1305 2771 1386 2821 turm
1406 2780 1538 2844 quoque
1636 2750 1637 2789 ³

225 2859 262 2921 in
283 2856 367 2939 ipsis
388 2852 655 2938 cogitationibus
675 2850 805 2915 nostris
825 2858 952 2936 eorpus
973 2853 1189 2925 intercurrit,
1218 2855 1355 2917 turbam
1367 2862 1539 2917 'errorum
1636 2884 1637 2941 q

224 2948 386 3042 inserens
420 2946 542 3021 menti,
578 2955 642 3022 ut,
688 2945 887 3007 obcaecante
923 2946 999 3023 illo,
1045 2946 1223 3034 ueritatem
1255 2945 1435 3029 pervidere
1470 2966 1538 3008 non
1636 2948 1637 3017 l

219 3043 397 3127 possimus
408 3044 445 3102 ¹¹.
488 3043 609 3123 ltaque
630 3058 737 3100 rmum
757 3039 820 3100 hoc
838 3037 875 3099 in
891 3039 987 3101 omni
1003 3041 1202 3124 quaestione
1220 3040 1333 3115 nobis,
1357 3052 1391 3104 et
1409 3040 1448 3104 ici
1464 3041 1537 3124 qui·
1636 3048 1637 3087 ἲ

224 3138 303 3200 dem
322 3133 571 3200 euidentissime
587 3131 777 3216 probatur:
807 3130 943 3215 siquid
963 3154 1113 3217 unquam
1134 3134 1223 3197 bona
1236 3134 1316 3212 saie
1336 3134 1424 3197 scire
1446 3138 1538 3209 uoltu

223 3250 318 3305 nuce,
341 3227 565 3292 recedentium
585 3246 658 3289 esse
679 3245 703 3286 a
723 3245 883 3307 corpore,
908 3236 941 3288 ct
960 3226 995 3289 in
1014 3227 1090 3308 ipso
1108 3227 1225 3290 animo
1244 3248 1299 3291 res
1317 3226 1535 3290 consideran·

223 3323 299 3401 das.
343 3325 441 3386 Tum
458 3320 550 3385 enim
565 3319 720 3382 videmur
737 3319 952 3382 consecuturi
968 3321 1061 3403 qrsod
1078 3320 1364 3403 concupiscimus,
1388 3331 1421 3384 et
1440 3321 1534 3383 cuites
1636 3388 1637 3403 χ

217 3416 275 3487 rei
294 3426 469 3478 amatores
489 3435 553 3479 nos
569 3413 798 3497 profitemur,
822 3433 927 3496 quum
948 3411 1107 3505 defuncti
1127 3414 1274 3487 erimus‚·
1294 3436 1375 3477 nom
1392 3412 1519 3477 dum
1488 3434 1535 3476 nr·
1636 3408 1637 3411 ’

221 3508 350 3583 oimrcs,
374 3496 625 3615 desperandum
646 3518 709 3570 est.
752 3504 890 3570 Etenim
910 3506 942 3569 si
961 3518 1112 3583 constat,
1136 3507 1224 3570 nihii
1242 3507 1367 3573 sinceri
1388 3508 1535 3571 auxum

221 3600 362 3684 corpori
381 3601 534 3663 animum
556 3600 732 3682 pervidere
757 3622 879 3682 porse,
913 3599 1068 3684 sequitur
1095 3601 1318 3676 alterutrum,
1352 3612 1415 3683 aut
1442 3603 1533 3663 nulio

221 3707 373 3779 ternpore
401 3714 461 3757 nec
488 3695 665 3778 usquam¹2
694 3696 892 3777 contingere
916 3692 1049 3757 homini
1075 3713 1192 3756 veram
1218 3692 1395 3756 scientiam
1417 3716 1531 3777 posse,
1636 3750 1637 3757 ,

220 3802 284 3853 aut
303 3801 376 3854 tum
397 3789 551 3865 demum,
585 3809 690 3873 qrucm
710 3786 960 3851 excesserimus
986 3811 1017 3853 e,
1033 3785 1115 3849 vita.
1167 3783 1426 3876 Deffinctorum
1445 3788 1533 3850 enirn

221 3884 359 3947 animus
384 3882 470 3945 liber·
496 3893 548 3946 est
576 3893 609 3944 et
628 3882 803 3945 solutus¹³
824 3902 848 3942 a
867 3902 1024 3963 corpore.
1073 3883 1129 3945 Eo
1150 3893 1269 3943 autem
1288 3892 1440 3964 tempore
1468 3902 1534 3965 quo

219 3976 380 4049 uiuimus,
414 3976 464 4037 ita
490 3976 628 4039 demum
653 3973 1005 4060 appropinquabimus
1025 3973 1339 4059 applicabimurque
1359 3974 1529 4048 scientiae,

221 4069 376 4154 siquam
397 4069 535 4137 minime
556 4091 700 4153 corpore
721 4080 879 4144 tutamur,
909 4088 1015 4151 neque
1037 4066 1072 4130 in
1093 4067 1324 4130 societatemst
1344 4067 1438 4142 eius,
1468 4066 1532 4128 nisi
1636 4114 1637 4131 .

295 4214 331 4281 (¹)
351 4221 586 4266 -conniventia
604 4216 646 4268 M.
692 4215 792 4280 (2)-
754 4217 910 4284 -perita
930 4213 1056 4266 MG.-
1018 4212 1221 4283 -opcrtaR
1243 4229 1316 4285 sup.
1363 4212 1416 4265 Sed
1437 4220 1530 4284 penita

219 4293 374 4342 rectissime
393 4306 422 4341 se
443 4290 533 4343 habet.
571 4289 609 4357 (³)
629 4292 674 4342 Sic
691 4294 805 4361 scripsi,
825 4297 950 4340 uteretur
969 4304 1019 4359 pro
1037 4284 1235 4347 eatetenturss.
1256 4302 1348 4342 cetera
1367 4292 1478 4342 cums.
1497 4318 1531 4332 .-

219 4370 274 4416 totr'
292 4384 318 4434 q.
337 4363 438 4415 mundo
457 4367 514 4417 div.
532 4365 637 4417 edition
657 4363 798 4438 (ederetur
817 4361 866 4438 G.)
886 4365 1006 4447 dogma,
1032 4362 1109 4432 aprici
1124 4362 1208 4413 trades
1225 4381 1332 4416 vero·
1352 4372 1530 4415 -utcrentcr

219 4445 279 4493 sine
299 4456 379 4491 sensu
399 4440 492 4494 MBG.
532 4443 622 4507 ()-
589 4439 736 4491 -morbc
755 4440 824 4492 ΜΒ.
864 4439 958 4507 (5)-
953 4439 1055 4510 pleno
1078 4437 1139 4491 ΜΒ.
1185 4437 1221 4505 (⁶)
1241 4466 1277 4482 -
1296 4440 1482 4490 innuentes-ales
1502 4439 1529 4491 B.

155 4566 166 4589 ‚
218 4513 708 4581 (⁷)SthSG.-conmum13.‚
729 4520 775 4587 qui
796 4511 929 4567 defendit.
967 4514 1004 4579 (⁸)
1024 4513 1140 4566 Slcn'G.
1160 4527 1199 4565 oe
1217 4513 1352 4564 alimenta
1370 4515 1528 4585 quotidiana

219 4591 283 4645 ΜΒ.
322 4589 359 4656 (⁹)
379 4594 425 4643 Sic
446 4590 501 4646 SG.
521 4611 558 4644 =
576 4592 715 4662 Deinceps
733 4622 752 4633 -
771 4621 789 4632 -
808 4590 941 4657 ingrntre
961 4590 1024 4642 ΜΒ.
1063 4587 1112 4654 (¹⁰)
1132 4617 1170 4629 -
1188 4594 1312 4639 comtnus
1323 4589 1389 4645 ΜΒ.
1427 4589 1477 4653 (¹¹)
1494 4602 1528 4641 ott

214 4670 307 4736 possit
327 4669 354 4718 8.
398 4665 449 4731 (Ιῖ)
475 4665 521 4718 Sic
541 4665 630 4720 MSG.
656 4690 694 4724 =
719 4673 769 4717 aret
792 4681 927 4735 nimquam
952 4681 1001 4715 nco
1026 4663 1081 4713 ullo
1105 4670 1190 4733 temp.
1207 4663 1239 4717 Β.
1282 4662 1332 4730 (¹³)
1351 4693 1390 4705 —
1406 4666 1482 4716 solim
1498 4667 1526 4716 li.

202 4741 269 4812 ΛΝ)
283 4749 325 4784 '-
343 4746 476 4793 socictate
494 4740 587 4796 MBG.
876 4764 885 4779 ²
971 4773 979 4781 -
