3384 5359
621 326 623 333 ·
727 289 945 399 luunt.
1082 278 1086 293 ⁸
1435 282 1497 347 itt
1587 276 1593 287 “

150 430 352 484 Gmcwum
372 446 451 484 mors
467 429 592 484 loentum
610 447 681 484 esse.
729 431 763 484 ln
789 448 838 496 eo,
866 426 940 502 quod
965 435 1104 502 sequitur,
1128 449 1180 501 per
1198 428 1322 483 muntiant
1340 435 1444 502 ipsran,
1471 434 1498 483 st

152 505 253 557 asari
267 513 341 556 esset
359 509 390 555 in
407 523 455 567 eo,
475 504 560 567 illud,
578 523 636 577 [per
654 510 778 558 mosum
796 512 886 576 ipsum
905 506 1051 559 Turnebus
1070 504 1131 560 Lib.
1151 513 1195 563 10.
1223 506 1381 560 Adsertor.
1401 510 1431 559 C.
1450 509 1498 564 ii·

153 585 297 633 iurantis
317 596 345 633 et
364 595 461 633 sancte
481 578 644 635 affirmantis
664 599 722 634 esse
742 581 848 646 credit,
880 592 911 636 ut
931 585 955 635 si
975 583 1095 647 diceret,
1122 586 1208 648 „iuro
1234 599 1297 635 eum
1322 584 1415 654 ipsum
1434 583 1499 633 ani·

154 673 274 720 mum,
298 652 407 726 dequo
427 673 502 708 nuuc
520 654 716 709 disserinms.”
743 656 909 723 Lambinus,
935 660 1000 727 qnia
1014 674 1067 729 per
1086 661 1116 710 iu
1134 656 1218 711 nullis
1242 655 1322 709 libris
1349 659 1498 722 invenitur,

157 736 218 785 nis
239 735 379 783 coniicere
398 730 516 802 aliquem
535 730 802 804 posen-legendum
821 749 896 785 esse:
924 736 1018 785 animo
1037 738 1106 802 ipso.
1149 735 1322 788 Camerarius
1341 745 1421 805 putat
1439 747 1497 785 nort

155 804 355 860 incommode
373 806 430 877 legi
449 822 546 879 posse,
561 815 713 878 praeterea
730 811 854 859 animm
872 812 971 878 ipsum.
1158 802 1160 807 ’

182 956 211 1010 d
225 955 241 1009 d
255 883 344 948 5057.
370 900 402 933 eo
417 886 578 953 perveniat]
604 883 700 935 eodem
721 887 873 955 pervertisti
893 896 934 936 est
952 887 984 936 in
1002 887 1211 956 manuscripto,
1234 887 1327 954 itaque
1345 878 1496 953 Lambinus

157 975 181 1010 e
212 961 222 1010 i
244 961 275 1010 it.

254 1033 278 1099 §.
298 1036 344 1090 58.
369 1049 500 1103 qwanqtse
517 1030 591 1083 ruisti
607 1036 691 1102 esset]
718 1033 800 1086 Hune
818 1031 912 1087 locum
931 1030 1053 1087 declarat
1072 1030 1218 1087 Turnebus
1237 1029 1299 1084 Lib.
1320 1035 1365 1091 10.
1385 1028 1497 1085 Adver-

161 1125 236 1161 ur.
256 1108 288 1159 C.
310 1108 355 1164 16.

207 1250 209 1253 v
254 1184 344 1249 6.·59.
369 1190 419 1232 asti
437 1180 508 1247 made
527 1183 664 1250 noiomi]
691 1183 724 1235 ln
743 1182 860 1255 vulgatis
877 1182 958 1236 libris
978 1198 1035 1248 est,
1053 1189 1103 1233 arsi
1122 1181 1194 1233 unde
1212 1180 1366 1233 naturam?
1391 1183 1422 1233 in
1440 1194 1495 1249 quo

167 1256 310 1310 nendum
330 1255 428 1309 Paulus
448 1256 592 1309 Manutius
618 1257 765 1322 odorams,
794 1267 844 1309 aut
870 1257 1029 1312 rmdenorrti
1056 1254 1252 1330 corrigendum
1278 1258 1394 1329 putarit.
1436 1254 1495 1308 Nos

167 1332 308 1386 Lambini
327 1329 548 1385 emendationem
568 1330 753 1405 praeferimus.
1575 1336 1578 1341 ⁴

252 1405 341 1462 lbid.
366 1415 473 1476 quante
491 1405 725 1476 Themistoclesi]
753 1407 801 1460 Sic
819 1422 862 1461 est
888 1422 996 1478 quoque
1022 1411 1052 1459 iu
1071 1421 1172 1473 nostro
1196 1410 1403 1478 manuscripto,
1430 1421 1499 1469 non,

168 1497 211 1536 rat
228 1488 257 1536 iu
276 1481 406 1553 vulgatis:
435 1490 542 1551 qrsanta
561 1481 750 1535 Theodectes?
778 1481 812 1535 de
832 1487 911 1536 cuius
937 1485 1071 1547 memoria
1095 1481 1168 1534 nihil
1192 1480 1281 1535 habco
1306 1482 1413 1534 dicere:
1442 1483 1498 1533 nisi

169 1561 241 1628 quis
265 1555 380 1610 fortasse
407 1555 514 1609 idcirco
539 1574 603 1609 eum
628 1558 676 1611 hic
701 1563 840 1612 nominari
865 1557 948 1623 velit,
975 1555 1148 1628 quodipse,
1178 1560 1246 1610 item
1272 1570 1302 1609 ut
1326 1552 1495 1621 Simonides,

170 1648 265 1685 artem
284 1637 434 1685 memoriae
454 1629 615 1695 tradiderit,
636 1648 666 1685 ut
686 1649 728 1687 est
748 1632 819 1706 apud
839 1633 985 1687 Aelianum
1006 1630 1067 1685 Lib.
1088 1635 1116 1690 6.
1135 1632 1166 1686 C.
1188 1641 1232 1689 1ο.
1257 1630 1291 1684 de
1310 1628 1496 1684 diurnalibus.

171 1709 217 1761 At
236 1710 264 1759 iu
282 1706 469 1760 Themistocle
488 1704 573 1760 fuisse
592 1708 759 1780 singularem
779 1712 943 1762 memoriam
962 1704 1063 1760 lerunt.
1102 1705 1171 1760 Vide
1192 1710 1364 1779 prooemium
1378 1704 1498 1760 Luculli.

256 1779 346 1835 lbid.
373 1784 498 1854 Cyneas]
525 1780 627 1834 Cineas
646 1781 838 1847 scribendum
865 1800 931 1836 nam
951 1783 1022 1856 apud
1042 1778 1221 1838 Plutarchum
1241 1786 1272 1834 iu
1290 1781 1413 1854 Pyrrho,
1443 1780 1499 1834 Zo-

171 1871 276 1911 naram
292 1872 320 1910 et
339 1857 424 1921 alios,
442 1872 485 1910 est
504 1858 623 1921 Κινέας.
1216 1880 1222 1885 “

256 1928 341 1985 lbid.
367 1941 476 2002 quanta
493 1949 581 2003 nisper
601 1933 770 2002 Carneades]
796 1941 903 2003 quanta
924 1951 1012 2004 nespsr
1031 1931 1192 1985 Carniadas
1209 1929 1397 1985 exactoribus
1416 1927 1496 1984 libris
1609 1960 1614 1969 ·

171 2021 239 2059 esse
257 2003 401 2078 legendum
420 2006 551 2060 admonet
569 2006 713 2062 Turnebus
733 2012 800 2081 Cap.
822 2012 867 2067 16.
886 2006 949 2062 Lib.
970 2016 1014 2065 ιο.
1033 2007 1191 2060 Adversar.
1235 2004 1385 2060 Carnisdes
1404 2020 1499 2058 autem

172 2079 292 2153 qtridam
309 2083 491 2147 in‘Gtsecia,
519 2099 589 2153 quae
613 2089 675 2155 quis
700 2098 826 2156 exegerat
846 2083 986 2137 volumina
1007 2087 1036 2135 iu
1054 2081 1250 2147 bibliothecis,
1276 2081 1394 2154 legentis
1413 2079 1498 2133 modo

174 2161 410 2228 repraesentavit,
434 2174 466 2212 ut
492 2158 590 2211 scribit
616 2159 721 2213 Plinius
745 2158 807 2212 Lib.
829 2163 855 2215 7.
882 2162 947 2230 Cap.
968 2159 1012 2214 iit.
1056 2155 1113 2231 (lbi
1133 2155 1308 2210 Charmadas
1332 2154 1409 2209 dedit
1428 2156 1499 2209 Her-
1585 2202 1588 2219 ,

170 2228 302 2303 duiuus.)
345 2230 442 2286 Mores
470 2247 564 2287 tamen
595 2251 638 2287 me
667 2233 700 2287 ad
729 2232 903 2291 retinendam
930 2237 1117 2285 assensionem
1143 2231 1220 2285 locus
1247 2231 1294 2284 ille
1319 2229 1380 2283 Lib.
1407 2236 1433 2284 2.
1463 2229 1498 2281 de

171 2307 319 2370 Oratore,
347 2306 393 2360 ubi
416 2313 566 2362 Antonius:
597 2308 745 2376 Vidi-ego
771 2316 893 2360 summos
917 2307 1042 2359 homines
1066 2315 1094 2359 et
1118 2307 1218 2358 divino
1238 2324 1327 2377 prope
1351 2304 1496 2371 mensoria,

173 2379 488 2507 Ailsentzocarneodent
507 2381 539 2457 (i.
557 2380 756 2456 Charmadam)
774 2389 805 2435 in
824 2386 913 2448 Asia,
931 2402 1009 2455 quem
1027 2387 1125 2435 vivers
1144 2381 1225 2434 hodie
1242 2387 1338 2449 aiant,
1356 2381 1498 2453 Scepsium

171 2457 276 2509 Metro
312 2475 381 2510 rtem.
671 2501 673 2505 .
1008 2462 1011 2467 ⁴

251 2533 275 2598 6.
294 2533 342 2588 (in
360 2540 475 2583 terratis
492 2531 557 2600 tihi]
584 2528 747 2603 „Quidam,
768 2536 858 2603 inquit
877 2531 1047 2599 Lambinus,
1065 2530 1120 2604 legi
1139 2530 1249 2585 volunt:
1270 2539 1418 2583 terrenans
1437 2530 1497 2583 tibi.

218 2621 235 2659 o
254 2605 328 2658 nihil
344 2606 457 2660 muto.’'
975 2624 981 2637 ·

172 2605 217 2678 Eg
251 2682 277 2748 §·
295 2683 342 2738 61.
369 2688 462 2733 uirus
489 2685 678 2751 capacitatem
706 2680 828 2752 &quam
849 2685 992 2753 [animum]
1025 2682 1059 2734 ln
1088 2679 1151 2734 aliis
1179 2679 1276 2749 libris,
1304 2684 1497 2734 consentiente

173 2761 384 2828 manuscripto,
408 2756 514 2828 legitur,
529 2761 560 2807 in
577 2761 681 2808 artimo.

250 2832 274 2898 §.
293 2834 339 2890 62.
362 2836 594 2902 progressiones,
612 2833 832 2900 institionesque]
859 2834 1052 2882 institutiones
1070 2829 1151 2904 vulgo
1170 2828 1301 2884 mendose
1320 2829 1435 2902 legiturt
1464 2848 1498 2887 er

173 2907 419 2977 quoCsmerarius
432 2921 460 2959 et
473 2906 617 2961 Manutius
630 2909 790 2958 institiones
808 2911 842 2956 ab
862 2904 1016 2957 insistendo
1029 2922 1103 2961 recte
1115 2906 1250 2974 iecerunt.
1277 2904 1402 2971 „Stellae
1422 2909 1496 2958 enim
1522 2938 1528 2951 .

173 2995 234 3033 tum
254 2980 443 3047 antecedunt,
464 2995 523 3035 tum
548 2981 768 3053 auhsequuutur,
798 2995 857 3033 tum
879 2980 996 3034 celerius
1016 2996 1178 3045 moventur,
1209 2995 1265 3034 tum
1288 2979 1406 3038 tardius:
1436 2994 1496 3032 tum

173 3060 291 3108 omniuo
304 3074 338 3108 ne
352 3069 497 3109 morentur
510 3055 636 3128 quidem,
654 3056 702 3111 sed
716 3053 749 3109 ad
763 3054 902 3127 quoddam
916 3070 1023 3128 tempus
1037 3042 1197 3110 insistunt.'’
1214 3054 1248 3107 de
1258 3056 1298 3108 Ν.
1307 3055 1346 3107 D.
1359 3059 1383 3109 2.
1397 3056 1420 3122 §.
1434 3060 1497 3115 105.

251 3128 341 3184 lbid.
361 3148 468 3200 magna
479 3150 516 3183 ec
524 3140 609 3203 parte
624 3140 668 3184 esi
681 3134 812 3199 inventa]
833 3130 866 3184 ti
882 3136 1074 3204 manuscripto
1090 3132 1204 3203 legitur:
1223 3148 1330 3199 magna
1340 3138 1429 3201 parta
1445 3137 1497 3197 est,

173 3209 291 3257 inventa
309 3214 339 3257 et
356 3213 514 3277 temperata
532 3222 602 3273 een,
621 3205 772 3277 eodemque
791 3204 874 3258 modo
887 3206 1035 3259 nonnullae
1047 3205 1183 3261 editiones
1198 3208 1378 3260 Masurianae
1391 3204 1496 3275 legunt.

248 3283 271 3347 §.
290 3284 338 3339 63.
365 3280 439 3352 quod
455 3286 530 3333 siin
548 3281 599 3333 isac
617 3282 731 3350 mundo]
758 3281 806 3333 Sic
826 3280 930 3334 babent
949 3286 1042 3334 omnia
1062 3280 1247 3354 exemplaria,
1268 3296 1337 3352 quae
1358 3279 1431 3345 titli,
1450 3297 1498 3333 sx·

174 3360 263 3428 ceptis
283 3356 456 3409 Manutianis
476 3361 641 3427 postremis,
659 3363 688 3410 in
708 3356 807 3429 quibus
827 3371 882 3409 est:
903 3356 977 3428 quod
992 3358 1019 3407 ii
1036 3355 1088 3408 boc
1106 3361 1137 3407 in
1154 3354 1264 3408 maredo.

249 3432 274 3497 §.
291 3433 338 3488 6'r.
364 3431 513 3500 caliginem
532 3431 657 3501 dispulit]
684 3430 788 3503 depulit
805 3429 953 3503 legendum
972 3447 1031 3484 esse
1043 3431 1188 3485 Turnebus
1202 3430 1361 3484 Adversas.
1376 3430 1438 3484 Lib.
1453 3436 1497 3487 10.

173 3507 206 3559 C·
229 3508 273 3564 16.
299 3503 445 3571 admonet,
474 3521 556 3577 atque
582 3511 623 3560 ita
650 3507 750 3560 babere
775 3505 924 3558 nonnullos
949 3522 1053 3559 veteres
1078 3505 1188 3559 codices
1216 3505 1364 3560 Lambinus
1389 3504 1498 3560 scribit.

174 3580 209 3632 lu
226 3596 323 3633 nostro
342 3596 400 3647 est,
419 3582 536 3653 expulit.
579 3583 706 3636 Minerva
725 3580 789 3635 Lib.
808 3585 836 3639 5.
855 3580 963 3633 Iliados
981 3579 1112 3634 Diomedi
1132 3579 1201 3635 dicit
1221 3577 1318 3658 ἀχλὺν
1337 3579 1363 3639 d'
1389 3571 1431 3638 ni
1449 3599 1497 3636 tos

173 3652 226 3710 ἀπ’
249 3651 425 3732 ὀφθαλμῶν
443 3658 529 3724 ἔλον,
547 3653 569 3727 ἢ
583 3654 657 3733 πρὶν
672 3657 761 3733 ἐπῆεν
769 3698 778 3723 ,
797 3654 825 3708 id
843 3672 900 3722 est,
920 3656 1069 3726 caliginem
1085 3656 1137 3708 tiit·
1152 3656 1188 3707 ab
1204 3644 1291 3709 oculis
1306 3655 1406 3729 depsdi,
1427 3672 1497 3726 qtsae

170 3735 252 3798 prius
269 3735 373 3786 inerat.
411 3731 514 3785 Statibt
534 3735 563 3784 iu
577 3748 716 3787 manuscr.
728 3731 843 3805 legitur:
864 3750 916 3803 quo
935 3750 969 3783 ne
988 3736 1018 3784 in
1036 3731 1088 3784 deo
1107 3731 1216 3803 qttidetn
1235 3736 1378 3802 quicquam
1396 3735 1496 3783 rnaitss.

249 3806 274 3872 §·
293 3808 339 3864 65.
366 3823 417 3858 nso
435 3807 588 3858 Homerum
606 3807 702 3876 mdia]
729 3806 762 3859 de
782 3804 944 3878 Ganymede
964 3823 1044 3879 rapto
1070 3823 1183 3881 proptor
1209 3805 1343 3870 formam,
1372 3823 1436 3870 seu,
1464 3818 1495 3856 ut

173 3883 214 3934 ait
232 3880 370 3934 Homerus
389 3879 514 3945 κάλλεος
532 3878 622 3939 inm
641 3878 707 3947 oio,
733 3897 799 3934 uota
818 3879 912 3935 fabula
932 3897 975 3936 est
994 3900 1026 3934 ex
1045 3881 1104 3936 Lib.
1126 3889 1170 3938 20.
1189 3881 1299 3935 Iliadis.
1338 3879 1496 3951 Xenophon

129 3964 133 3979 ⁴
173 3958 204 4006 iu
223 3955 362 4007 Corwivio
381 3961 437 4020 ais,
463 3956 652 4030 Ganymedem
674 3955 789 4011 indens
811 3973 952 4031 receptum
972 3975 1029 4010 non
1050 3952 1189 4029 corporis,
1218 3954 1266 4010 sed
1286 3959 1372 4007 animi
1391 3958 1496 4028 guntin

172 4028 256 4116 idque
275 4036 397 4087 nominis
415 4030 559 4086 notitione
579 4032 694 4106 probat,
718 4031 792 4103 quod
811 4029 994 4111 Γανυμήδης
1011 4032 1121 4085 dicetur
1138 4024 1228 4110 nuptis
1244 4031 1300 4088 τοῦ
1318 4031 1497 4107 yarsoosut

235 4123 288 4162 eos.
353 4128 356 4133 ·

170 4102 235 4182 μηδ
248 4181 272 4247 §-
290 4183 337 4240 68.
363 4178 492 4252 horrifer
510 4181 659 4252 Aqtrilont's
676 4181 795 4252 stridor]
821 4184 921 4235 Versus
941 4184 1012 4236 Attii
1032 4196 1074 4236 est
1093 4199 1127 4234 er
1146 4179 1306 4235 Philocteta
1323 4176 1458 4233 adductus
1478 4194 1493 4231 a

172 4254 266 4309 Nonio
286 4255 421 4309 Marcello
441 4261 470 4308 in
489 4255 573 4309 serbo
592 4259 709 4322 molior,
731 4257 779 4310 ubi
799 4256 930 4312 mendose
949 4257 1060 4331 legitur.

248 4331 272 4395 6.
292 4334 339 4388 69.
365 4331 447 4383 lianti
463 4332 597 4383 dustrem
615 4333 743 4383 ubertate
761 4336 961 4403 inersrviscere]
996 4331 1071 4386 ldem
1090 4347 1183 4385 versus
1203 4328 1304 4402 legitur
1323 4328 1385 4382 Lib.
1406 4333 1434 4387 5.
1460 4328 1496 4381 ds

173 4402 317 4477 Oratore;
334 4422 452 4477 utroque
472 4422 564 4460 autem
583 4407 647 4459 loco
666 4413 853 4460 irretsroiseere
873 4406 1050 4462 scribendum
1063 4424 1139 4476 esse,
1157 4408 1244 4462 Nonii
1257 4404 1387 4459 Marcelli
1400 4419 1495 4458 aucto-

172 4484 255 4533 ritare
274 4497 303 4532 et
323 4485 485 4534 testimonio
504 4486 692 4554 cognoscitur.

246 4553 336 4609 lbid.
348 4553 453 4627 fontes
470 4561 590 4626 scatere]
616 4560 725 4610 rediere
743 4555 832 4610 media
852 4573 978 4631 correpta
998 4553 1234 4631 pronuntiandum
1253 4571 1327 4619 esse,
1345 4553 1495 4626 eodemque

172 4627 255 4683 modo
274 4630 436 4685 Lucretium
454 4631 515 4685 Lib.
535 4636 561 4690 5.
580 4635 625 4685 bis
644 4633 697 4687 boc
715 4632 828 4687 verbum
848 4649 1009 4707 usurpasse,
1030 4632 1175 4686 Manutius
1195 4632 1357 4684 observarit.

247 4707 271 4772 §-
293 4713 338 4766 70.
362 4707 452 4759 nimia
470 4699 575 4777 affirre
591 4711 718 4778 possunt]
744 4713 773 4761 in
799 4724 896 4762 nostro
922 4713 1114 4780 manuscripto
1139 4722 1195 4773 sat,
1224 4709 1364 4758 rationem
1387 4698 1494 4774 affirrs

169 4797 291 4850 passura.
328 4782 388 4854 ligo
407 4797 555 4856 utrumque
574 4801 609 4837 eu
633 4782 799 4854 glossemate
823 4801 900 4851 esse,
929 4799 957 4838 et
982 4782 1119 4857 vulgatam
1143 4781 1294 4838 lectionem
1320 4777 1494 4839 retinendam

172 4871 282 4910 censeo
