3384 5359
704 78 707 89 '
804 74 818 109 Ι

217 295 278 370 tri
370 278 375 283 ’
476 297 869 364 ausonianaunu.
885 296 1281 362 nrsruramouum

216 438 427 522 auspicamur.
472 438 557 504 Mihi
578 460 618 503 ne
640 438 770 520 Scipio¹
792 437 921 523 quidem
941 437 1015 516 ille,
1039 437 1188 520 pontifex
1209 436 1384 511 maximus,
1410 436 1546 521 quibos

171 542 179 564 ⁸
218 534 403 623 Stoicorum
425 554 536 597 verum
559 553 630 597 esse
651 534 852 610 declaravit,
868 529 1030 617 nrrnqn'am
1051 532 1234 616 privatnm²
1256 552 1325 596 esse
1347 532 1542 614 sapientem,

215 627 317 692 iratus
347 627 474 692 ridetur
499 628 601 692 fuisse
630 627 686 691 Ti.
710 629 882 692 Graccho³
911 640 996 704 turn,
1033 649 1130 712 quum
1156 626 1319 691 consulem
1339 626 1544 709 languentem

217 721 367 807 reliquit,
403 735 497 808 atque
525 722 594 806 ipse
622 722 786 806 privatus,
824 734 860 787 nt
888 721 917 786 si
938 721 1051 787 consul
1072 732 1177 798 esset,
1216 719 1272 804 qui
1293 740 1361 782 rem
1382 719 1545 803 publicam

216 817 336 880 salvam
358 839 427 881 esse
450 818 565 893 vellet,
599 837 633 880 sc
655 816 746 901 sequi
767 816 870 880 iussit.
923 816 977 881 52.
1001 814 1141 891 Nescio,
1174 812 1288 897 ecquid
1307 813 1371 896 ipsi
1391 835 1453 877 nos
1472 813 1544 877 for·

216 909 293 974 titer
313 911 346 973 in
368 912 547 993 republica
568 909 755 975 fecerimus:
786 910 813 973 si
834 909 910 995 qrrid
930 909 1082 985 fecimus,
1107 921 1194 975 certe
1215 902 1287 972 irati
1310 930 1375 972 non
1395 908 1544 973 fecimus.

218 1005 343 1071 Arest
365 1004 537 1090 quidquam
559 1004 691 1068 similius
710 1005 722 1066 i
746 1005 871 1080 sanias,
896 1025 990 1086 qtram
1011 1002 1085 1067 ira?
1116 1025 1208 1087 quiam
1230 1005 1313 1067 bene
1334 1003 1457 1065 Ennius
1478 1002 1545 1065 ini-

173 1175 177 1183 ,
215 1099 305 1163 tium
325 1094 615 1163 dixitllinsaniae.
660 1028 893 1180 Collr„vox,
918 1097 1023 1173 oculi,
1053 1098 1202 1180 spiritus,
1233 1096 1417 1179 impotentia
1441 1096 1542 1158 dieto·

117 1238 119 1247 ,
213 1211 286 1256 rum
319 1203 416 1273 atque
436 1190 628 1267 factorum,
668 1212 761 1275 quam
797 1203 919 1274 partem
954 1193 1073 1256 habent
1108 1188 1280 1256 sanitatis?
1317 1190 1394 1274 quid
1426 1189 1540 1253 Achil-

216 1288 247 1351 le
280 1285 459 1351 Homerico
488 1285 631 1361 foedius,
666 1286 742 1372 quid
768 1286 1029 1370 Agamemnone,
1064 1286 1095 1350 in
1121 1284 1252 1370 iurgia?
1288 1285 1380 1347 nnm⁵
1410 1283 1542 1347 Aiacem

218 1380 342 1464 qtridem
371 1379 421 1443 ira
448 1382 488 1442 ad
513 1380 658 1443 furorem
688 1391 888 1466 mortemque
920 1379 1085 1462 perduxit.
1143 1382 1218 1442 Non
1256 1378 1355 1462 igitur
1384 1376 1544 1439 desiderat

216 1475 372 1540 fortitudo
395 1477 582 1539 aduocatam
604 1474 820 1539 iracundiams
856 1475 932 1538 satis
955 1485 1003 1537 est
1030 1474 1201 1553 matrasta,
1239 1483 1368 1553 parata,
1402 1467 1542 1532 armata‘

207 1590 379 1652 peraeae.
432 1569 515 1631 Nam
538 1568 602 1632 isto
625 1571 721 1633 modo
743 1567 966 1653 quidem‘licet
990 1567 1111 1642 dicere,
1146 1566 1255 1629 utilem
1277 1561 1480 1628 vinolentiam
1502 1562 1543 1623 ad

207 1662 454 1738 fortitudinem,
491 1662 600 1726 utilem
629 1662 729 1726 etiam
752 1663 959 1739 dementiam,
997 1664 1085 1746 quod
1113 1672 1146 1724 et
1169 1659 1269 1727 insani
1291 1670 1322 1721 et
1344 1655 1426 1721 ebrii
1447 1656 1542 1718 multa
1588 1720 1591 1726 Δ

217 1756 338 1821 faciunt
359 1776 455 1839 saepe
478 1756 707 1821 vehementius.
760 1756 895 1839 Semper
916 1755 1003 1821 Aiax
1023 1755 1137 1830 fortis,
1171 1752 1363 1820 fortissimus
1385 1763 1491 1813 tamen
1510 1747 1542 1810 in

181 1896 185 1909 .
216 1850 351 1916 furores
768 1880 770 1885 ·

257 1948 356 2015 Nam
365 1941 519 2036 facinus
528 1941 628 2035 secia
648 1963 878 2023 mammam,
901 1966 1029 2031 praem,
1054 1944 1190 2012 Danais
1211 1939 1471 2012 inclinantibus,

260 2042 439 2111 &minam
459 2059 532 2102 rem
549 2035 704 2130 perfecit
725 2058 848 2115 manu,
872 2041 1025 2104 restituit
1041 2039 1215 2123 proelium
1235 2034 1411 2100 insaniens
1421 2034 1448 2096 ⁷.

164 2196 170 2207 ,
301 2133 439 2207 XXIV.
463 2134 516 2197 53.
545 2132 698 2215 Dicamus
726 2132 825 2217 igitur
854 2135 963 2200 utilem
991 2131 1166 2197 insaniam?
1198 2142 1300 2195 tracta
1326 2125 1541 2192 definitiones⁸

218 2226 435 2301 fortitudinis3
457 2225 635 2311 intelliges,
659 2246 728 2289 eam
749 2229 915 2293 stomacho
939 2248 1003 2292 non
1019 2248 1130 2312 egere.
1174 2224 1347 2290 Fortitudo
1363 2235 1411 2287 est
1424 2220 1541 2307 igine-⁹

217 2320 347 2386 affectio
369 2318 510 2394 animi¹⁰,
534 2318 600 2403 legi
622 2340 761 2383 summae
781 2320 814 2383 in
836 2316 1050 2404 perpetiendis
1070 2324 1200 2385 rebus¹¹
1225 2308 1477 2399 obtemperans}
1491 2315 1541 2377 rel

217 2413 424 2479 conservatio
453 2413 574 2476 stabilis
603 2412 708 2477 iudicii
737 2413 770 2477 in
798 2416 844 2479 eis
866 2417 981 2492 rebus,
1017 2408 1102 2501 qliae
1119 2412 1351 2479 formidolosae
1374 2411 1540 2483 videntur,

216 2508 388 2574 subeundis
411 2519 442 2571 et
463 2507 672 2590 repellendis3
708 2508 758 2572 vel
779 2508 913 2574 seientia
933 2531 1041 2574 rerum
1061 2509 1343 2574 formidolosarum
1364 2504 1542 2568 contraria·

140 2622 144 2629 ’
216 2624 370 2689 rumque,
393 2602 690 2684 perferendarum¹²
712 2615 766 2666 aut
781 2605 911 2669 omnino
926 2603 1208 2689 negligendam,
1225 2619 1419 2666 conservans
1435 2618 1541 2661 earum

217 2714 324 2759 rerum
347 2694 460 2761 stabile
482 2694 647 2783 iudicium
671 2696 724 2759 vel
745 2698 893 2774 brevius,
917 2710 952 2760 ut
964 2696 1189 2780 Chrysippus:
1206 2725 1247 2739 —-
1270 2715 1341 2757 nam
1357 2690 1541 2775 superiores

218 2788 417 2879 definitiones
441 2799 531 2851 erant
554 2788 709 2871 Sphaeri,
734 2792 870 2857 hominis
892 2791 923 2856 in
940 2791 1049 2874 primis
1063 2793 1145 2854 bene
1161 2787 1356 2861 definientis,
1381 2797 1417 2848 ut
1431 2794 1542 2868 putam

218 2882 340 2947 Stoici:
371 2892 445 2945 sunt
469 2883 550 2945 enim
559 2883 586 2923 ¹³
609 2885 739 2949 omnino
762 2907 873 2949 omnes
895 2886 965 2950 fere
986 2885 1122 2958 similem
1159 2886 1215 2947 sed
1235 2881 1433 2947 declarant¹³
1455 2899 1542 2940 com-

184 2990 190 3018 ¹
218 2999 329 3042 munes
349 2977 498 3043 notiones
527 2977 587 3044 alia
619 2978 720 3063 magis
749 2981 872 3043 alia-
894 3002 958 3064 quo
983 2982 1077 3043 modo
1092 2978 1193 3064 igitur
1208 2971 1435 3056 Chrysippus?
1456 2972 1485 3036 F
1488 2990 1542 3035 or-

54 3104 58 3111 ·
160 3076 168 3085 ’
218 3075 320 3139 titudo
343 3083 410 3147 est,
443 3070 564 3156 inquit,
587 3071 844 3147 scientia,rernm
867 3075 1129 3157 perferendarum
1140 3073 1182 3149 ¹⁵,
1207 3072 1260 3136 vel
1282 3068 1409 3134 affectio
1435 3064 1540 3137 animi,

217 3167 249 3228 in
271 3166 421 3248 patiendo
443 3187 480 3229 ac
501 3166 694 3251 perferendo
716 3188 855 3231 summae
877 3167 943 3251 legi
967 3188 1082 3251 parens
1111 3166 1179 3229 sine
1206 3164 1334 3229 timore.
1389 3156 1540 3243 Quamvis

100 3289 102 3292 ⁴
216 3257 326 3323 licet¹⁶
347 3258 537 3323 insectemur
549 3253 657 3337 istos,
688 3272 724 3324 ut
746 3260 928 3327 Carneades
950 3263 1094 3327 solebat:
1130 3269 1258 3334 metuo,
1293 3278 1332 3320 ne
1353 3255 1416 3319 soli
1436 3253 1542 3336 philo·

103 3381 105 3385 ’
218 3352 314 3435 sophi
341 3352 416 3416 sint.
473 3354 561 3434 Quae
591 3355 673 3419 enim
695 3354 1066 3421 istarumdellnitionum
1088 3376 1153 3419 nan
1175 3353 1279 3436 aperit
1301 3350 1462 3415 notionem
1486 3367 1549 3411 no·

204 3455 333 3522 stram,
371 3467 466 3529 quiam
493 3448 647 3512 babemus
677 3470 786 3512 ornnes
815 3450 854 3512 de
879 3448 1069 3512 fortitudine
1090 3459 1206 3511 tectam
1227 3458 1323 3531 atque
1343 3437 1544 3507 involutam?

97 3544 103 3553 '
216 3560 279 3625 qua
302 3551 446 3622 apertam.
465 3540 535 3626 quis
558 3552 625 3617 est,
665 3541 719 3625 qui
740 3554 793 3607 ant
818 3541 986 3617 bellatori,
1021 3552 1074 3604 arrt
1101 3539 1305 3623 imperatori,
1344 3532 1543 3607 aut'oratori

216 3645 349 3720 quaerat
370 3633 507 3720 aliquid;
530 3656 633 3720 neque
656 3656 712 3700 eos
735 3634 893 3699 existimet
912 3636 980 3699 sine
1001 3633 1089 3700 rabie
1108 3634 1278 3721 quidquam
1293 3629 1422 3699 fortiter
1435 3628 1542 3692 faeere

1254 3756 1540 3774 μ’*

291 3821 328 3896 (ι)
350 3821 396 3875 sn
422 3821 480 3888 (a.)
508 3819 562 3873 rv.
589 3816 679 3874 cesa.
702 3806 788 3891 seqq.
808 3849 846 3863 -
865 3792 933 3870 nris
955 3830 1024 3870 wo
1043 3836 1077 3869 m
1096 3817 1140 3870 a.
1160 3813 1343 3869 ABSECML.
1382 3811 1420 3880 (τ)
1439 3808 1489 3877 sa,
1509 3810 1541 3863 n

158 3930 160 3933 ·
213 3894 263 3951 Gr.
284 3898 337 3950 PL.
358 3895 448 3950 Gebh.
469 3894 551 3967 Seqq.
570 3898 733 3946 -iratum
752 3894 825 3951 le.
844 3891 1029 3949 AnsncvM.
1049 3891 1111 3946 vide
1129 3892 1237 3946 Fabric.
1263 3885 1302 3962 (³)
1321 3917 1356 3931 -
1369 3886 1467 3956 facisse
1481 3901 1542 3936 eune

212 3969 256 4024 Ti.
289 3970 340 4026 Gr.
371 3967 495 4025 Peesv.
540 3966 578 4044 (1)
605 3989 645 4025 ·::
669 3969 746 4021 dixu
772 3975 834 4023 tnta.
855 3969 957 4025 ABSE.
997 3965 1035 4043 (⁵)
1054 3996 1091 4011 -
1109 3984 1201 4019 nonne
1219 3962 1273 4018 Ed.
1293 3979 1347 4018 ret.
1366 3962 1457 4016 Βοιὼ.
1478 3965 1541 4033 ipso

212 4046 326 4178 prob.W
342 4044 380 4119 (⁶)
407 4048 454 4099 Sle
486 4048 517 4099 ll.
537 4044 565 4098 b.
592 4045 656 4138 dlii.
683 4044 926 4158 Pansncvonw.
945 4048 972 4100 2.
992 4063 1031 4117 ..τ
1049 4059 1202 4168 armlpar.
1223 4041 1290 4132 ML.
1310 4035 1539 4168 ss⁰ii¹’pL⁸0¹Lbi‘

199 4118 265 4253 ti:
287 4206 312 4255 ..
328 4117 651 4269 wadii:
669 4120 739 4249 {ii
756 4120 812 4248 ll:
832 4138 1038 4251 unit&
1050 4126 1316 4265 izosssssfdn
1334 4153 1402 4241 m.
1422 4128 1540 4240 n‘n:

211 4301 247 4316 -
266 4290 327 4324 rem
344 4275 438 4324 erexit
463 4288 563 4336 manee,
591 4272 682 4343 prael.
707 4272 774 4324 rest.
794 4274 849 4323 lm.
869 4271 901 4324 L.
920 4299 959 4312 -
977 4289 1037 4324 rem
1052 4267 1131 4342 perf.
1152 4286 1246 4332 mame,
1264 4283 1324 4318 rem
1342 4272 1410 4317 reat.
1430 4269 1485 4315 ins.
1506 4258 1540 4313 de

209 4347 305 4404 Benrl.
330 4343 360 4404 Ε.
387 4346 439 4419 ⁰⁸.-
491 4346 528 4411 (1)
558 4345 606 4401 Sic
636 4347 667 4399 n.
693 4344 723 4399 b.
754 4344 817 4399 mC.
836 4345 873 4400 D.
893 4343 962 4400 Lall.
980 4341 1034 4404 W·
1054 4352 1083 4402 2.
1099 4373 1139 4387 -·
1157 4341 1349 4411 definitionem
1368 4338 1484 4394 van.
1503 4362 1542 4379 ι-

210 4432 340 4477 tractata
364 4424 473 4491 (tracta
500 4420 546 4488 P.)
575 4418 738 4493 definitione
769 4419 889 4476 PESEC.
938 4419 976 4494 (⁹)
1002 4440 1039 4474 =
1058 4425 1099 4489 tg.
1118 4428 1171 4472 est.
1190 4418 1246 4471 VL.
1297 4415 1347 4492 (¹⁰)
1366 4433 1404 4467 =
1422 4432 1470 4466 an.
1489 4402 1542 4483 aff.

210 4498 415 4555 PABSECML.
454 4497 505 4565 (¹¹)
525 4524 563 4540 -
581 4495 727 4549 doloribus
744 4496 776 4549 L.
795 4512 870 4571 susp.
900 4494 950 4571 (¹²)
970 4500 1017 4551 Slc
1037 4493 1107 4553 (ηδ.
1127 4490 1206 4549 Leld.
1227 4494 1408 4565 campaneis
1428 4489 1544 4542 Oxonn.

209 4576 275 4631 ML.
295 4574 419 4629 Gronov.
440 4576 522 4633 1692.
542 4569 609 4626 Lull.
635 4581 659 4631 1.
680 4572 733 4632 W.
754 4576 781 4627 2.
800 4598 836 4613 -
855 4589 911 4626 om.
927 4569 1164 4643 perferendarum
1185 4572 1217 4625 R.
1238 4570 1288 4624 Gr.
1308 4583 1372 4620 cnm
1392 4563 1540 4637 plerisque.

208 4649 406 4725 traseceo.
435 4646 551 4702 Vldetnr
571 4664 630 4700 erse
650 4667 666 4699 a
685 4646 898 4720 supplemento,
919 4647 964 4701 sed
982 4646 1039 4701 fere
1056 4649 1223 4700 necessario.
1261 4642 1368 4717 (13)·-
1388 4647 1481 4692 autem
1503 4635 1539 4689 D·

208 4742 281 4799 susp.
319 4712 370 4798 (11)
390 4738 428 4776 ω
447 4722 575 4775 declarat
595 4723 626 4776 L.
646 4721 731 4776 coloe.
765 4721 823 4851 (111)4
839 4721 887 4776 Sic
907 4722 939 4775 R.
957 4723 994 4776 D.
1014 4743 1053 4777 ε
1067 4718 1147 4794 perf.
1167 4737 1262 4773 rerrnn
1281 4721 1385 4774 Ceteri.
1406 4743 1440 4759 -
1459 4706 1538 4785 perf·

206 4800 332 4852 labarum
353 4800 387 4854 L'.
407 4814 482 4871 susp.
519 4796 571 4873 (¹⁵)
591 4814 657 4852 anm
677 4795 746 4852 Cdd.
801 4796 832 4853 L.
851 4800 934 4871 Seqq.
955 4827 990 4842 ·-
1011 4797 1147 4870 Quamvis
1167 4800 1241 4849 enim
1261 4796 1293 4850 Ρ.
1312 4821 1351 4837 ·-
1368 4790 1447 4845 Licet
1466 4791 1562 4840 min·

973 4928 985 4952 l
