3384 5359
239 270 301 335 su
666 224 893 358 auunculi
917 270 1132 335 urrunnu.
1199 271 1200 280 ¹

233 414 347 464 omnino
366 416 502 462 uirtutem
521 428 540 464 o
558 410 693 464 bonorum
705 408 770 483 fiete
789 420 1034 481 segregaverunt,
1053 409 1222 482 Epicurum,
1249 410 1471 481 Hieronymum,
1496 409 1569 463 illos

233 492 329 550 etiam,
350 488 382 540 si
398 486 466 555 QUl
483 486 674 539 Carneadeum
686 485 780 558 finem
798 492 873 539 tueri
889 489 999 541 volunt.
1028 488 1063 540 Et
1084 487 1123 552 ii,
1143 493 1203 544 iz:
1223 485 1358 538 Reiicitur
1375 490 1462 537 ettam
1482 486 1567 537 Car-

232 562 351 621 neades,·
369 580 420 612 nec
439 561 497 612 ulla
516 561 550 612 de
569 562 766 613 summobono
785 569 879 627 ratio,
898 569 951 615 aut
968 563 1143 633 voluptatis,
1168 579 1226 629 non
1244 560 1390 613 dolendive
1406 566 1567 632 particeps,

232 645 284 689 aut
302 636 461 689 honestatis
478 655 581 708 expers
595 636 773 708 probabitur.
811 637 865 692 Sed
886 655 1030 713 pergamus
1051 643 1106 691 iam
1125 636 1159 690 ad
1178 638 1290 709 reliqua.
1331 636 1375 690 Tu
1395 654 1429 688 es
1448 641 1566 710 optime

232 727 282 766 tuo
296 712 444 785 exemplari
459 712 536 766 NON
553 717 708 765 inseruisti:
729 719 868 767 sententia
885 720 960 767 enim
980 718 1138 786 negativum
1158 717 1252 785 exigit.
1280 712 1350 764 Illud
1371 727 1475 774 tamen,
1496 730 1565 765 meo

231 786 343 860 quidem
364 787 485 851 indicio,
505 786 540 838 ab
559 786 757 862 interpolatore
776 795 836 842 nasi
857 795 1006 862 sagacioris
1028 786 1185 862 proiectum
1204 804 1261 843 est:
1287 792 1335 860 qui
1354 785 1428 859 quod
1446 804 1565 840 senteu-

150 897 155 912 ,
233 869 289 917 tiae
314 862 408 916 deesse
435 862 540 917 viderat
565 862 599 917 de
624 881 674 916 suo
699 868 863 937 impertivit.
910 868 983 939 Ergo
1009 865 1099 939 pisces
1120 862 1251 916 Lambini
1271 868 1432 916 coniectura
1452 863 1563 932 Quiri,

232 936 305 1010 quod
327 955 354 992 et
381 940 453 999 idem
478 936 580 1002 efficit,
608 955 635 992 et
657 937 690 990 sd
710 955 817 994 ceteros
838 928 949 995 codices
969 947 1082 1015 propius
1103 938 1222 994 accedit.
1262 936 1360 993 Adbuc
1379 952 1473 990 tamen
1493 940 1563 990 bae·

230 1031 337 1068 remus:
369 1013 602 1084 quidcnimsibi
624 1015 795 1068 cultrorum
820 1017 975 1069 bonorum?
1007 1020 1152 1086 Quaenam
1172 1033 1203 1067 eu
1224 1027 1303 1078 suut,
1332 1013 1468 1066 obsecro?
1500 1032 1561 1066 nou

229 1095 305 1143 euim
325 1088 404 1142 dicit.
442 1089 515 1161 Lege
534 1106 599 1142 vero
620 1106 708 1142 totum
726 1090 837 1145 locutu:
865 1093 955 1145 Nemo
974 1101 1018 1144 est
1036 1098 1125 1157 enim,
1147 1090 1241 1157 QUIN
1260 1089 1446 1142 VERORUM
1463 1087 1557 1140 bono-

229 1183 291 1218 rum
310 1171 434 1215 animum
448 1172 531 1233 putet
549 1182 608 1216 esse
628 1166 762 1227 italicem5
781 1186 894 1239 eumque
914 1164 1138 1238 condocefeciat,
1157 1174 1189 1216 ut
1203 1185 1246 1231 ea,
1266 1184 1335 1237 quae
1351 1164 1426 1215 bona
1444 1166 1558 1215 malaue

228 1239 397 1303 videantur,
420 1245 513 1311 possit
537 1249 719 1294 contemnere.
758 1242 842 1296 Vides
870 1247 924 1308 iam
950 1243 1284 1316 claram.oppositiooem
1309 1241 1366 1292 fieri
1395 1243 1558 1292 interven

229 1316 304 1367 hone
323 1329 350 1367 et
369 1333 439 1386 puae
458 1314 530 1366 bona
548 1315 715 1380 uideamus,
743 1334 826 1388 quam
852 1323 876 1370 si
905 1320 985 1372 tollas
1011 1334 1037 1372 et
1063 1336 1160 1370 eorum
1184 1333 1247 1369 cunt
1269 1316 1349 1388 vulgo
1367 1316 1459 1388 legas,
1484 1314 1557 1367 nibil

230 1389 352 1454 cruditis,
370 1390 468 1456 laxius,
487 1389 602 1444 dilutius
622 1389 678 1446 dici
699 1407 801 1464 potest,
820 1409 904 1460 qnam
923 1392 994 1447 illud
1013 1394 1195 1447 Contemnere
1213 1411 1282 1463 quae
1301 1391 1376 1443 bona
1394 1390 1558 1444 uideantur.

232 1467 363 1521 Ceterum
384 1464 563 1531 verobona,
583 1467 719 1520 Iuvenalis
740 1467 797 1521 Sat.
817 1470 856 1522 X.
1133 1523 1136 1530 ,

456 1540 591 1592 Omnibus
609 1547 640 1593 in
660 1548 762 1610 terris,
780 1562 851 1615 quae
868 1552 935 1595 srtnt
953 1563 973 1594 a
992 1543 1118 1596 Gadibus
1136 1561 1219 1614 usque

456 1617 602 1668 Auroram
621 1626 650 1669 et
668 1618 812 1687 Gangem,
830 1625 915 1688 pauci
933 1619 1099 1686 dignoscere
1116 1625 1236 1690 possunt

454 1694 525 1744 Vera
545 1693 617 1745 bona
637 1702 719 1764 atqtte
738 1696 794 1746 illis
813 1696 930 1746 mccltum
949 1695 1080 1762 diversa,
1099 1703 1209 1747 remota

440 1766 572 1819 ·Errorir
589 1768 673 1819 uebrtl
691 1809 698 1822 ,

125 1891 130 1910 ,
229 1845 330 1898 Noster
344 1841 472 1897 Academ.
494 1845 516 1905 1,
538 1851 579 1900 2:
599 1845 665 1895 Siue
684 1850 757 1897 enlm
776 1844 918 1896 Zenonem
935 1863 1064 1917 sequere3
1083 1863 1217 1914 magnum
1234 1852 1277 1895 est
1295 1839 1427 1913 efficere,
1447 1850 1480 1893 ut
1498 1845 1556 1910 quis

229 1920 392 1988 intelligat,
409 1918 476 1988 quid
493 1923 532 1968 sit
550 1919 621 1970 illud
639 1938 732 1972 verum
752 1929 781 1972 et
799 1922 918 1990 simplex
937 1921 1055 1985 bonum,
1082 1921 1155 1992 quod
1172 1939 1228 1971 non
1243 1924 1335 1990 possit
1354 1918 1392 1968 ab
1411 1916 1555 1968 honestate

227 2001 349 2064 seiungi.
388 1995 478 2057 Haec,
501 1999 554 2047 uisi
573 1992 652 2047 valde
672 1994 767 2059 fallor,
788 2011 864 2049 extra
885 2003 1103 2051 controversiam
1122 2001 1214 2069 posita
1234 2011 1313 2047 sunt:
1334 1992 1513 2063 quamobrem
1532 1993 1555 2043 si

228 2071 336 2126 Nonius
357 2085 482 2141 receptae
501 2069 617 2123 lectioni
638 2077 845 2141 patrocinatur,
871 2090 959 2143 neque
985 2071 1028 2146 (ut
1048 2070 1192 2147 caeperit)
1212 2070 1247 2122 ab
1267 2068 1422 2123 editoribus
1443 2085 1554 2139 corrup·

229 2161 273 2199 tus
294 2161 351 2206 ortt
380 2160 407 2197 et
429 2144 474 2196 ille
494 2160 521 2197 et
542 2145 661 2198 Librarii
682 2147 820 2219 vapulent.

306 2221 385 2273 Cur.
405 2220 515 2273 xxiii.
542 2222 734 2293 lllaaimisque
753 2222 896 2273 doloribus
914 2216 1046 2292 affectus,
1073 2240 1122 2274 eos
1147 2227 1224 2293 ipsos
1242 2225 1422 2271 inventorum
1442 2235 1554 2269 suorum

228 2300 363 2348 memoria
382 2304 410 2346 et
429 2294 624 2347 recordatione
644 2295 782 2365 confutat]
812 2300 863 2349 Vix
883 2296 997 2363 dubito,
1023 2303 1089 2370 quin
1111 2315 1138 2350 et
1159 2298 1210 2349 tibi
1232 2312 1258 2348 et
1279 2299 1379 2348 ceteris
1400 2291 1553 2346 editoribus

167 2418 174 2422 .
228 2370 323 2425 durius
350 2369 418 2424 iliud
444 2376 530 2422 visum
556 2376 609 2437 sit,
635 2370 768 2435 confutat
785 2370 914 2423 dolores:
945 2374 994 2426 sed
1013 2391 1096 2447 quum
1117 2371 1275 2425 emendatio
1296 2389 1350 2423 non
1371 2384 1553 2430 succurreret,

228 2448 342 2500 silentio
368 2451 559 2498 transmissum
585 2461 636 2500 est.
680 2451 747 2501 Scio
774 2446 903 2516 equidem
933 2450 986 2501 hoc
1015 2447 1173 2503 defensores
1203 2464 1266 2498 suos
1296 2447 1476 2507 habiturum,
1508 2447 1552 2513 qui

227 2517 323 2575 o'mnia
343 2535 419 2573 recta
439 2536 534 2592 prava,
563 2537 631 2593 quse
651 2527 680 2575 in
700 2521 843 2575 codicibus
865 2521 1005 2585 seruntur,
1033 2524 1095 2576 elbo
1114 2519 1224 2577 'calculo
1244 2521 1427 2592 comprobare
1449 2519 1552 2571 soient:

228 2597 275 2651 sed
296 2601 341 2655 cui
363 2594 467 2648 indoles
487 2611 514 2647 et
535 2612 617 2668 sapor
636 2600 812 2651 ciceroniani
832 2604 970 2653 sermonis
990 2604 1117 2672 cognitus
1145 2614 1204 2660 est,
1229 2598 1282 2649 hoc
1309 2596 1343 2647 ab
1371 2595 1446 2648 iliius
1472 2610 1553 2646 muno

228 2690 288 2726 esse
308 2689 364 2724 non
384 2674 437 2722 nisi
458 2674 638 2725 invitissimus
657 2670 800 2727 fatebitur.
834 2672 981 2727 Videamus
1002 2680 1109 2729 Graeca
1129 2675 1255 2746 Epicuri,
1275 2671 1309 2723 ud
1330 2688 1400 2743 quae
1420 2672 1467 2722 hic
1487 2669 1553 2721 aliu·

229 2747 287 2801 dit:
309 2743 592 2818 'rtvrtruesreirrero
609 2750 687 2805 πᾶσι
705 2769 825 2812 τουτοις
843 2745 880 2805 τὸ
899 2746 983 2807 κατὰ
1003 2749 1111 2826 ψυχὴν
1125 2749 1241 2825 pulpos
1261 2744 1309 2804 ἐπὶ
1329 2750 1366 2831 re)
1386 2748 1448 2802 τῶν
1468 2765 1552 2821 γεγο-

229 2821 327 2882 νότων
345 2818 420 2897 ημῖν
440 2816 646 2900 διαλογισμῶν
663 2822 782 2901 μνήμη,
826 2822 902 2893 Quid
922 2841 1016 2879 sutem
1036 2842 1077 2878 est
1097 2824 1210 2882 nutasti
1233 2823 1391 2888 uentrem,
1420 2836 1455 2873 su
1483 2838 1554 2872 con·

221 2895 348 2970 fluere?
366 2894 438 2948 nihil
459 2901 560 2949 miuus.
599 2898 674 2966 Quid
694 2890 763 2971 ergo'
779 2902 840 2954 esti
858 2918 957 2973 nempe
978 2900 1005 2954 id
1025 2906 1131 2974 ipsum,
1148 2842 1230 2969 qud
1243 2915 1293 2970 pro
1314 2912 1376 2949 vera
1396 2896 1480 2948 huius
1499 2894 1553 2948 loci

227 2970 423 3026 emendatione
449 2970 603 3037 substituc',
631 2971 690 3025 Eos
713 2979 790 3046 ipsos
816 2980 995 3028 inventorum
1019 2994 1134 3027 suorum
1157 2978 1292 3026 memoria
1310 2981 1340 3024 et
1359 2970 1553 3028 recordatione

228 3046 468 3104 constitisti.
513 3048 555 3100 lta
575 3062 669 3101 notter
689 3050 729 3102 De
749 3049 811 3102 its.
832 3051 877 3116 ΙΙ,
897 3058 942 3111 50.
969 3050 1016 3103 ubi
1036 3053 1142 3105 Graece
1169 3054 1223 3104 istc
1243 3049 1356 3119 Epicuri
1382 3045 1497 3100 verbnm
1522 3046 1553 3099 vie

227 3119 312 3175 verbo
339 3136 444 3174 vertere
468 3121 629 3193 profitetur:
661 3124 992 3179 COMPENSABATUR
1013 3134 1122 3189 tamen,
1149 3128 1255 3196 inquit,
1283 3141 1344 3175 curn
1362 3122 1406 3174 leis
1432 3122 1556 3174 omnibus

228 3201 317 3248 animi
335 3195 461 3260 laetitia,
482 3203 564 3266 qttam
582 3198 724 3267 cupiebam
743 3205 878 3252 memoria
897 3207 1040 3253 rationum
1060 3206 1290 3269 inventorumque
1309 3207 1482 3250 nostrorum.
1520 3199 1553 3249 ir
1612 3195 1617 3216 ¹

228 3289 295 3325 mox
314 3270 430 3323 ibidem:
444 3337 451 3341 Β
464 3271 809 3339 COMPENSABATUR,
840 3282 946 3347 inquit,
975 3294 1036 3328 cum
1060 3281 1174 3326 summis
1200 3274 1343 3326 doloribus
1361 3275 1490 3324 laetitia:
1522 3273 1553 3324 it

229 3351 344 3402 iterum:
375 3345 510 3422 lintionps
535 3355 602 3398 tuas
626 3355 653 3402 te
671 3348 755 3400 uideo
778 3350 1029 3405 COMPENSARE
1049 3370 1111 3403 cum
1129 3356 1195 3402 istis
1213 3348 1364 3401 doloribus.
1404 3346 1480 3417 Quid
1499 3352 1553 3399 ism

229 3420 358 3474 videtur?
383 3420 553 3474 Librariisue
574 3424 776 3491 oscitantibus,
801 3442 836 3477 cn
857 3430 909 3499 ipsi
929 3427 1059 3479 Ciceroni
1080 3433 1174 3500 potior
1193 3431 1246 3479 erit
1267 3422 1351 3477 fides?
1377 3425 1464 3476 Porro
1483 3427 1552 3475 eius·

229 3493 292 3549 dem
311 3494 386 3547 verbi
406 3492 534 3566 frequens
554 3495 626 3569 apud
645 3498 720 3551 hunc
739 3517 803 3553 usus
823 3516 879 3565 est,
905 3506 935 3554 io
962 3501 1048 3555 simili
1068 3506 1220 3559 sententia:
1247 3516 1278 3553 ut
1297 3500 1358 3552 Fio.
1377 3501 1413 3562 V,
1434 3505 1478 3556 18·
1515 3495 1552 3548 El

229 3587 291 3623 cum
310 3574 441 3621 maximis
460 3575 534 3621 curis
553 3581 582 3622 et
600 3572 743 3625 laboribus
762 3591 939 3646 compensare
959 3595 1020 3628 eam
1040 3595 1122 3647 queam
1142 3596 1179 3629 ex
1198 3574 1329 3627 discendo
1342 3578 1458 3644 capiant
1470 3572 1552 3624 eolre-

192 3683 196 3696 ,
227 3651 347 3718 ptaiem.
379 3645 420 3698 De
439 3646 504 3698 Nat.
523 3646 608 3700 Deos.
629 3648 714 3710 1‚9.:
739 3650 786 3702 lta
805 3652 895 3701 mrelta
913 3660 979 3703 sunt
997 3652 1173 3704 incommodo
1191 3656 1222 3701 in
1240 3657 1315 3712 vita,
1335 3656 1367 3699 ut
1386 3666 1421 3699 ea
1438 3653 1551 3719 sapien·

231 3729 275 3771 tes
293 3720 497 3772 commodorum
516 3728 741 3796 compensatione
760 3727 879 3777 leniant.
918 3730 959 3780 De
979 3727 1098 3781 Oratore
1119 3729 1177 3790 111,
1198 3732 1241 3784 lu:
1266 3725 1306 3777 Et
1325 3728 1427 3775 srmuni
1444 3723 1552 3774 labores

230 3800 322 3847 nostri
346 3813 451 3864 magna
476 3803 647 3869 compensati
674 3800 770 3870 gloria
795 3806 974 3868 mitigantur.
1019 3803 1061 3855 De
1081 3803 1191 3856 Senect.
1211 3818 1273 3873 cap.
1294 3806 1337 3855 2:
1362 3797 1551 3851 Resistendum

229 3875 365 3923 senectuti
384 3878 441 3932 est,
462 3875 571 3941 eiusque
589 3877 663 3923 uitia
682 3873 834 3943 diligentia
855 3875 1057 3948 compensanda
1077 3887 1151 3930 sunt.
1190 3878 1227 3929 Et
1247 3893 1328 3946 saepe
1349 3874 1427 3929 alibi.

307 3945 385 3998 Cur.
406 3946 548 4001 xxxiii.
573 3947 634 3999 Hoc
653 3949 714 4001 loco
732 3951 820 4002 nutlta
840 3952 878 4001 ab
896 3945 1040 4022 Epicureis
1058 3952 1256 4026 disputantur.⁸
1275 3953 1375 4022 eaeque
1393 3950 1552 4020 volttptates

199 4053 201 4058 ·
230 4020 400 4090 singillatim
418 4028 623 4083 extenuamur,-
641 4041 759 4094 quarum
777 4044 886 4095 genera
898 4045 954 4078 uon
967 4036 1155 4094 contemnunt,
1178 4042 1311 4099 quaeruut
1326 4036 1422 4078 tamen
1434 4022 1550 4095 copiam]

182 4143 189 4160 ,
231 4099 338 4149 Vitiosa
358 4099 417 4146 sine
437 4093 521 4149 dubio
540 4103 640 4152 oratio.
681 4101 823 4169 Quorsum
842 4108 918 4156 enim
937 4102 1005 4156 iilud
1025 4106 1139 4156 tamen?
1171 4120 1256 4176 quum
1282 4107 1354 4155 iuter
1379 4120 1437 4153 non
1456 4109 1550 4151 conu-

232 4188 326 4223 mnere
345 4184 372 4221 et
391 4187 523 4239 qtsaerere
541 4172 617 4226 nulla
636 4179 673 4228 sit
693 4181 843 4249 oppositio.
882 4179 970 4253 Lege,
994 4195 1040 4233 aut
1060 4179 1140 4235 NON
1158 4186 1298 4252 quaeretur
1317 4186 1412 4230 tanuen
1437 4180 1552 4248 copiast,

233 4261 282 4298 aut
302 4243 495 4297 SPERNUNT
516 4254 609 4300 tamen
627 4255 744 4322 copiam.

309 4315 399 4371 ibtd.
426 4317 564 4388 Quocirca
581 4341 682 4396 eorpus
700 4325 825 4394 gaudere
843 4336 905 4380 tam
923 4327 986 4395 diu,
1005 4326 1070 4378 tlum
1085 4337 1265 4400 praesentem
1284 4331 1399 4381 sentiret
1417 4326 1551 4396 voluptu-

232 4397 299 4463 tem]
325 4390 376 4443 Vel
395 4409 427 4445 ex
447 4400 554 4448 ratione
575 4413 728 4471 temporum
747 4416 823 4472 patet
843 4401 986 4475 legendum
1007 4419 1066 4456 esse
1086 4403 1259 4468 sunites,
1279 4418 1308 4455 et
1327 4406 1368 4454 sio
1387 4406 1507 4454 iterum:

309 4464 399 4520 lbid.
424 4468 471 4520 lta
485 4481 636 4542 perpetuas
653 4483 683 4525 et
702 4484 851 4528 contextas
869 4478 1030 4548 uoluptates
1047 4483 1078 4528 in
1094 4482 1221 4548 sapiente
1232 4478 1306 4547 jore
1326 4494 1450 4548 semper,
1475 4492 1551 4545 qius·
1652 4483 1653 4518 ἶ

113 4561 118 4572 ’
213 4545 404 4613 'exspectatio
429 4554 607 4615 speratorum
630 4550 808 4620 eolrtptatum
830 4560 1025 4623 percepturum
1050 4559 1185 4606 noemoria
1204 4554 1377 4625 lungeretnr]
1404 4568 1443 4604 ne
1460 4565 1551 4603 secum

233 4613 392 4670 discordent
414 4634 552 4689 tempora,
571 4628 696 4696 corrige,
715 4624 799 4678 CUM
815 4635 1012 4698 perceptarum
1030 4634 1165 4680 memorio
1186 4626 1392 4682 intimatus.

307 4694 386 4745 Cis.
405 4693 541 4749 xxxiv.
568 4697 661 4751 Labor
680 4704 710 4750 in
734 4710 856 4765 venatu,
883 4702 985 4766 sudor,
1014 4719 1113 4754 cursus
1131 4705 1165 4754 ab
1184 4704 1310 4767 Eurota,
1330 4703 1451 4771 james,
1480 4701 1551 4768 sitis]

232 4764 283 4822 ‘ru
303 4765 371 4817 baec
396 4767 477 4820 verba
505 4769 657 4827 iambicum
683 4781 858 4829 octonarium
885 4774 992 4831 efficere
1017 4775 1227 4842 animadvertis,
1259 4782 1284 4832 si
1310 4775 1344 4829 sd
1370 4774 1475 4850 digitos
1500 4780 1553 4829 esi·

200 4899 204 4908 ,
233 4854 346 4913 gustu:
374 4839 445 4906 unde
471 4857 487 4895 s
512 4861 604 4902 vetere
631 4847 749 4924 quodem
771 4852 862 4931 Ροὸιιιἰ
887 4849 1064 4929 desumptum
1088 4852 1241 4911 arbitreris.
1285 4856 1370 4926 sequi
1396 4868 1478 4909 cures
1502 4852 1552 4907 boc
