3384 5359
597 366 600 373 ⁴
635 306 820 379 uranu.
852 305 893 373 n
917 256 1061 373 essen..
1417 309 1486 375 tut·—
1513 306 1544 391 ρ
1584 299 1591 314 ·

149 450 239 532 qnod
252 446 336 512 idem
350 447 547 534 affingimns¹
561 447 636 513 hulc
651 447 843 543 aegritudini
853 493 863 523 ,
875 447 907 512 in
924 470 985 532 qua
997 448 1101 513 luctus
1117 448 1218 522 inest3
1242 470 1323 534 quiae
1339 426 1479 514 omnium

149 542 286 607 maxima
302 553 362 605 est.
407 544 458 610 69.
480 544 594 628 ltaque
611 544 823 617 Aristoteles,
846 555 973 606 ueteres
992 543 1202 624 philosophos
1223 564 1392 619 accusans,
1425 543 1486 628 qni

64 688 71 696 .
149 635 437 712 existimavissent,
461 637 696 720 philosophiam
716 639 782 703 suis
803 636 939 720 ingeniis
961 657 1030 700 esse
1047 636 1239 718 perfectam,
1265 637 1326 712 ait,
1350 658 1407 702 eos
1425 649 1484 700 utut
1544 692 1546 695 .

63 798 72 811 p
150 729 355 794 stultissimos
377 743 432 792 ant
453 731 704 815 gloriosissimos
725 732 842 807 luisse3
866 732 922 795 sed
942 753 977 795 se
1003 730 1132 806 videre,
1157 733 1245 817 quod
1262 731 1370 813 paucis
1390 730 1487 796 annis.

150 845 266 910 magna
279 826 420 893 accessio
435 825 518 895 lacta
532 827 648 902 esset2,
673 826 766 889 brevi
782 837 928 909 tempore
944 826 1179 909 philosophiam
1197 827 1291 908 plane
1303 826 1488 890 absolutam·

149 919 239 983 sore.
271 911 536 1001 Theophrastusl
559 932 662 985 aretem
688 920 828 986 morlens
857 942 1024 983 aestuasse
1054 933 1197 983 naturam
1223 919 1359 994 dicitur,
1395 922 1489 1003 quod
1554 970 1561 981 ,

152 1013 282 1079 cervist
296 1027 328 1078 et
341 1013 522 1077 cornicibus
543 1015 639 1097 pitam
654 1013 853 1091 diuturnam,
879 1036 1015 1099 qnorum
1030 1012 1062 1077 id
1072 1014 1150 1077 nihil
1166 1014 1351 1086 interessem
1373 1012 1482 1079 homin

152 1110 268 1185 uibus,
286 1131 422 1194 quorum
437 1108 592 1171 maxime⁵
608 1108 819 1184 interfuisset,
837 1120 901 1171 tam
918 1108 1065 1193 exiguam
1082 1108 1201 1172 vitam⁶
1216 1108 1375 1173 dedisset:
1398 1122 1516 1192 quoe*
1556 1116 1559 1121 '

154 1226 229 1267 rum
247 1204 274 1267 si
292 1216 377 1266 aetas
398 1202 556 1286 potuisset
580 1224 649 1266 esse
670 1203 898 1287 longinquior,
932 1202 1076 1266 futurum
1096 1200 1214 1279 finisse,
1247 1215 1301 1278 ut,
1337 1201 1484 1269 omnibus

152 1297 317 1381 perlectis
333 1298 472 1373 artibus,
497 1295 582 1362 omni
602 1296 748 1360 doctrina
772 1297 935 1361 homiuum
957 1296 1021 1359 rita
1043 1296 1235 1360 erudiretur.
1280 1296 1490 1377 Querebattm

155 1391 278 1475 igitur,
302 1413 335 1457 se
349 1403 434 1467 tum,
457 1380 554 1476 dirum
569 1391 624 1455 illa
644 1391 751 1455 videre
767 1390 947 1472 coepisset,
972 1390 1146 1474 exstingui.
1180 1390 1292 1471 Quid?
1313 1413 1355 1456 ex
1371 1392 1486 1456 ceteris

156 1484 360 1569 philosophis
378 1506 483 1551 nonne
510 1485 648 1568 optimus
662 1497 694 1547 ct
717 1483 924 1571 gravissimus
948 1483 1083 1570 quisque
1102 1485 1307 1563 confitetur⁷,
1331 1490 1429 1551 nnnlta
1450 1508 1489 1550 se

151 1580 332 1665 ignorare,
348 1591 391 1655 -et
413 1580 508 1644 multa
531 1577 593 1645 sibi
611 1580 703 1651 etiam
728 1591 822 1663 atquc
836 1576 938 1642 'etiam
961 1600 1031 1641 esse
1046 1577 1219 1643 discenda?
1242 1582 1294 1643 to.
1318 1601 1419 1665 neque
1437 1593 1485 1645 ta·

158 1695 254 1750 men,
287 1697 381 1761 qurum
400 1697 433 1738 sc
456 1675 487 1738 in
510 1673 608 1741 media
628 1673 784 1750 stultitia,
808 1694 873 1757 qua
899 1673 975 1736 nihil
994 1684 1043 1736 est
1061 1672 1172 1755 peius,
1196 1676 1348 1741 haerere⁸
1370 1674 1484 1739 intelli·

160 1780 258 1857 gant,
283 1769 478 1855 aegritudine
507 1779 706 1850 premuntur.
741 1767 848 1839 ¹Nulla
882 1765 964 1830 enim
992 1767 1180 1833 admiscetur
1209 1769 1319 1851 opinio
1348 1770 1486 1834 officiosi

160 1863 300 1929 doloris.
344 1862 456 1945 Quid?
482 1862 621 1948 quinon
644 1861 779 1943 pritant⁹
800 1861 971 1946 lugendum
991 1861 1095 1924 viris?
1117 1863 1219 1947 qualis
1236 1864 1297 1926 fuit
1313 1864 1357 1945 Q.
1377 1863 1487 1927 Maxi·

162 1980 255 2036 mus,
278 1960 415 2022 efferens
435 1957 533 2023 filium
553 1956 772 2023 consularemz
797 1955 899 2038 qualis
919 1956 963 2047 L
983 1956 1132 2031 Paullus,
1150 1957 1275 2021 duobus
1293 1958 1400 2039 paucis
1421 1956 1488 2021 die·

84 2122 88 2129 ,
161 2055 225 2116 bus
248 2051 369 2115 antusia
390 2051 483 2115 liliis:
518 2050 698 2135 quatis'M.
717 2047 823 2125 Cato,
858 2061 1011 2131 praetore
1033 2050 1219 2134 designato,
1250 2064 1379 2116 mortuo
1398 2052 1497 2121 filios.

161 2146 274 2232 quales
296 2144 431 2231 reliqui,
466 2142 601 2230 quasin
624 2141 856 2227 Consolatione
879 2141 1078 2225 collegimus.
1139 2148 1191 2207 tt.
1215 2143 1301 2225 Quid
1322 2148 1383 2211 hos
1405 2147 1496 2213 alind·

160 2238 321 2323 placavit,
345 2237 405 2302 nisi
427 2240 514 2321 quod
535 2240 653 2301 luctum
673 2246 898 2305 etmaerorem
912 2256 981 2299 esse
992 2236 1016 2275 ¹⁰
1038 2258 1103 2300 non
1118 2239 1273 2319 putabant
1290 2237 1371 2303 viri?
1394 2242 1488 2325 Ergo
1546 2288 1550 2303 .

161 2332 215 2409 id,
250 2334 338 2417 quod
365 2332 419 2396 alii
448 2343 571 2399 rectum
599 2330 785 2412 opinantes,
821 2329 1012 2413 aegritudini
1041 2353 1075 2394 se
1105 2331 1211 2394 solent
1232 2334 1367 2409 dedere,
1403 2335 1439 2413 iul
1456 2334 1490 2398 hi

160 2429 291 2510 turpe¹¹
312 2416 478 2510 putantes,
515 2423 745 2511 aegritudinem
767 2425 966 2506 repulerunt.
1019 2425 1074 2489 Ex
1096 2446 1161 2511 quo
1182 2425 1391 2513 intelligitur,
1408 2448 1490 2507 ‚uon

162 2519 350 2597 innatura,
374 2522 484 2584 sedin
507 2518 657 2602 opinione
679 2538 749 2580 esse
772 2516 1016 2602 aegritudinem,

248 2614 386 2679 ΧΧῙΧ.
410 2612 536 2678 Contra
558 2611 704 2675 dicuntur
726 2612 822 2675 baec:
848 2611 964 2692 Οιιὶε12
985 2623 1049 2675 tam
1068 2616 1214 2691 demens,
1238 2625 1274 2683 td
1294 2637 1351 2679 sua
1373 2615 1489 2680 volun·

163 2722 233 2774 tate
251 2706 413 2772 maereat?
442 2710 568 2772 Natura
587 2708 681 2769 affert
707 2705 872 2770 dolorem:
907 2704 958 2769 cui
977 2694 1103 2791 quidem
1126 2706 1289 2784 Crantor,
1325 2710 1512 2792 incutiunt,-

163 2814 275 2885 vester
284 2803 311 2842 ¹³
332 2804 504 2864 cedendum
519 2811 622 2883 putat.
666 2797 791 2863 Premit
812 2799 912 2877 enirn,
936 2811 1031 2884 atque
1049 2800 1162 2879 instat,
1187 2823 1247 2867 nec
1262 2803 1402 2867 resisti¹⁴
1416 2813 1492 2884 pot-

162 2909 227 2977 est.
282 2896 395 2981 ltaque
429 2897 542 2962 Oileus
563 2894 619 2958 ille
641 2894 725 2976 apud
747 2893 962 2976 Sophoclem,
997 2894 1063 2978 qui,
1076 2897 1283 2961 Telamonem
1306 2902 1394 2960 antea
1404 2898 1430 2937 ¹⁵
1452 2900 1509 2960 de·

163 2988 276 3057 Aiacis
298 3000 401 3054 morte
422 2989 607 3057 consolatus
630 2996 730 3064 esset,
754 2987 782 3052 is
805 3008 903 3072 quum
924 2988 1063 3055 audisset
1085 2990 1153 3055 *dc
1174 2989 1271 3067 sui¹⁶‚
1287 2992 1408 3056 [cactus
1429 3002 1491 3055 est.
1520 3036 1524 3047 .

163 3086 217 3169 De
238 3083 327 3149 cuins
349 3094 538 3185 corpnuuata
560 3092 665 3145 mente
687 3080 734 3151 sie
756 3080 890 3146 dicitius

292 3179 367 3247 Nec
387 3198 469 3241 nero
489 3187 591 3241 tanta
606 3175 792 3258 praeditam
810 3174 988 3259 ,sapientia
1366 3234 1372 3246 ,

291 3271 484 3357 Quisquam
504 3281 579 3345 est,
602 3269 662 3353 qui
683 3268 837 3332 aliorum
856 3290 1063 3335 aerumnam
1084 3272 1186 3338 dictis
1207 3276 1381 3351 alienam,
1410 3332 1415 3351 ,
1500 3314 1504 3325 ·

293 3367 377 3432 Non
398 3364 507 3439 idem,
530 3384 636 3447 puum
644 3358 808 3452 fortuna
829 3374 965 3426 annuato
985 3364 1152 3448 impetum
1486 3356 1490 3365 ’

295 3462 501 3534 Convertor,
525 3456 620 3520 clade
641 3455 788 3520 subita¹⁷
801 3453 1012 3550 frangatur
1033 3481 1116 3535 sua;

296 3555 341 3621 Ut
362 3551 485 3617 illaad
502 3549 594 3615 alios
615 3549 710 3612 dicta
729 3561 763 3613 et
780 3563 968 3634 praecepta
988 3553 1166 3621 excidant.
1194 3594 1199 3605 ·
1286 3614 1289 3621 .

166 3651 264 3717 Haeo
285 3669 381 3733 quum
404 3646 581 3730 disputant,
605 3646 668 3709 hoc
681 3646 808 3707 student
827 3644 971 3722 efficere,
996 3658 1127 3712 nunnae
1153 3648 1265 3716 obsisti
1286 3653 1504 3720 nidlo1modo·

167 3763 289 3827 posse:
312 3739 368 3804 ii¹⁸
391 3753 493 3804 tamen
514 3739 673 3815 fatentur,
696 3737 864 3823 graviores
879 3739 1096 3822 aegritudines
1110 3742 1250 3827 suscipi,
1274 3768 1367 3830 quiam
1383 3760 1503 3812 natura·

244 3903 283 3979 (¹)
311 3933 348 3948 -ι
378 3901 521 3976 affigitur
540 3934 559 3946 ·
574 3906 597 3945 Ι-
616 3932 635 3943 -
651 3898 807 3975 affigimus
835 3899 906 3955 edd.
934 3894 999 3974 aliq.
1029 3904 1155 3959 PABSE.
1186 3909 1275 3964 Gebh.
1326 3917 1365 3990 (u)
1393 3948 1430 3968 ,,,
1454 3939 1498 3984 m

166 3980 343 4049 pppissscv·
391 3979 430 4050 (a)
457 4007 496 4021 ...
524 3975 723 4031 Themistocles
751 3975 966 4049 nescioquibut
985 3976 1053 4033 Cdd.
1080 3980 1179 4034 tribuit
1199 3982 1264 4041 th.
1283 3985 1345 4063 Ego'
1362 3996 1498 4072 nmqmm‘

166 4053 375 4112 hermendum
395 4051 461 4109 uidi.
494 4052 531 4127 (l)
550 4051 878 4109 -coruts01x..Alii.
899 4053 979 4125 prob.
999 4053 1092 4117 Gehh.
1113 4058 1145 4109 ln
1166 4057 1216 4113 Ed.
1237 4066 1318 4121 1692.
1339 4086 1380 4125 ert
1401 4092 1496 4137 tamen

166 4138 271 4203 am„
323 4130 360 4199 (⁵)
378 4160 418 4199 ÷
436 4146 554 4200 qnorum
571 4127 603 4179 id
621 4146 698 4180 mna.
719 4126 780 4181 Col.
825 4125 865 4194 (ὅ)
884 4152 918 4170 -
937 4127 991 4182 det
1010 4135 1104 4182 vitam
1122 4131 1175 4184 Da.
1214 4134 1252 4208 (⁷)
1270 4167 1308 4182 -
1326 4149 1499 4220 confitentur
1610 4189 1616 4197 .

167 4210 222 4262 Da.
252 4207 317 4261 Non
341 4222 383 4260 est
412 4207 482 4259 haee
501 4200 630 4258 leiane
650 4203 795 4271 elegantis.
845 4203 872 4271 8)
891 4232 929 4247 -
947 4203 1048 4257 habere
1068 4208 1141 4267 051.
1160 4208 1227 4265 stu.
1247 4215 1326 4285 prob.
1347 4223 1495 4301 'rumbo’

169 4283 264 4339 Gebh.
283 4282 320 4349 (⁹)
339 4312 375 4326 -
390 4270 533 4353 prttabarrt
551 4280 617 4332 Eun·
638 4279 708 4333 rnird
727 4274 804 4369 631.
832 4278 1077 4344 (wli-ommate
1098 4286 1129 4339 ll.
1149 4283 1224 4338 solos
1239 4302 1501 4369 exanttqutorflm⁸⁴
1589 4300 1592 4317 ¹

168 4358 262 4414 Gebh.
293 4367 319 4414 1.
348 4364 375 4413 2.
406 4358 503 4422 (Recte
532 4371 596 4415 curn
627 4355 658 4408 ll.
687 4353 717 4407 h.
744 4352 832 4423 alum.
863 4352 931 4407 cdd.
952 4356 984 4417 L.
1010 4372 1064 4411 cet.
1086 4364 1267 4418 restituerunt
1287 4370 1320 4422 D.
1342 4373 1412 4430 Latl,
1433 4383 1500 4449 W.)

169 4436 223 4503 (tt)
242 4432 289 4487 sio
310 4433 342 4486 P..
362 4431 465 4486 EDW.
488 4437 514 4485 2.
533 4458 572 4472 ·-
589 4428 622 4481 id
639 4433 661 4483 t't'
679 4438 759 4500 turpe
777 4429 925 4485 PABSCV.
950 4430 1040 4485 Gebh.
1067 4433 1134 4486 Lall.
1157 4447 1182 4491 ¹·
1201 4466 1240 4481 -·
1257 4445 1279 4491 n·
1297 4451 1379 4518 turpe
1399 4472 1454 4508 orn.
1471 4456 1504 4511 td
1536 4451 1540 4453 i

167 4510 237 4563 ML,
276 4508 327 4575 (tt)
355 4535 394 4549 ..
421 4496 523 4578 Enipeus
547 4504 699 4633 Daproh.
720 4505 786 4557 Era.
835 4502 886 4579 (Β)
907 4505 954 4557 Sic
973 4508 1005 4579 Β.
1024 4506 1091 4564 Alii.
1113 4512 1173 4563 mC.
1193 4512 1287 4569 ΜΠ).
1313 4524 1379 4579 hall.
1400 4530 1451 4588 W,
1473 4543 1501 4603 ¹),

167 4615 208 4628 -
226 4572 324 4636 noster
342 4582 370 4636 b.
390 4598 462 4635 cum.
482 4581 544 4635 eliis
564 4570 607 4633 Cel
656 4580 991 4645 PABSECV.Gebu1.
1019 4583 1069 4655 (¹³)
1089 4614 1128 4627 -
1144 4590 1171 4635 et‘
1188 4596 1284 4643 reststt
1302 4595 1334 4649 L.
1348 4600 1422 4657 solus
1437 4622 1500 4666 cum

168 4660 243 4719 Mas.
272 4657 332 4712 uide
361 4656 472 4711 Fabrio.
523 4654 573 4730 (¹⁵)
598 4679 637 4714 =
664 4664 730 4711 ante
760 4654 907 4711 PABSEC.
959 4657 1010 4730 (¹⁶)
1029 4659 1075 4713 Sic
1095 4661 1148 4714 Da.
1168 4659 1195 4717 C·
1221 4666 1273 4721 W.
1292 4699 1331 4715 -
1349 4675 1383 4726 de
1401 4686 1489 4739 suoh

160 4735 264 4793 urst.
290 4761 329 4801 δ-
352 4733 386 4785 de
415 4751 466 4784 suo
487 4726 556 4803 silio
583 4728 653 4785 C‘dd.
680 4733 745 4802 aliq.
771 4731 921 4786 PABSEC.
941 4734 1033 4785 -de
1062 4735 1266 4804 sua'perrersd
1285 4744 1316 4800 C.
1337 4750 1401 4806 um.
1424 4767 1435 4813 1
1470 4727 1499 4817 ρ’

169 4809 210 4885 (ι7
244 4809 293 4865 sn
313 4806 380 4862 cau,
401 4809 465 4880 attq.
485 4807 613 4862 uentu.
635 4807 703 4860 titt.
725 4807 777 4865 w.
798 4812 827 4865 a.
844 4834 883 4850 -
901 4802 1110 4863 danencurt.
1131 4812 1162 4865 n.
1181 4811 1211 4867 u.
1229 4817 1341 4879 reru.
1361 4798 1448 4886 ueun'
1475 4803 1496 4898 ί

168 4810 223 4960 (mi
243 4908 281 4937 -ο-
299 4881 329 4935 Iri
348 4886 381 4942 R.
399 4884 458 4938 Eu.
477 4898 515 4938 oo
532 4882 617 4937 iidem
636 4884 702 4949 Eru.
723 4898 798 4956 tusp.
1415 4908 1418 4917 ’
1445 4875 1451 4889 ’
1490 4878 1500 4896 ’
