3384 5359
663 344 757 412 nm.
779 344 811 411 1.
853 343 897 412 c.
920 344 953 410 u.
977 344 1010 409 a.
1033 344 1067 410 s.
1186 309 1188 316 '
1491 346 1531 410 is
1556 395 1580 426 Ι,

201 505 299 576 quum
321 489 447 552 motus¹
470 497 555 552 esset
581 488 734 553 Isocratis
761 486 903 556 rhetoris
924 485 1046 574 gioria,
1081 483 1187 553 dicero
1208 485 1300 552 etiam
1320 486 1433 571 coepit
1452 488 1531 554 ado·

136 587 148 616 ‘
181 584 354 648 ,leseeates
383 584 541 658 doceret,
575 595 607 647 et
636 579 850 674 prudentiam,
865 602 938 646 enm
966 581 1149 666 eloquentia
1176 581 1330 667 iungeres
1363 582 1411 647 sic
1437 583 1533 649 nobis
1629 645 1638 663 ,

199 677 327 761 placet,
364 697 425 741 nec
455 676 776 763 pristinum‘dieendi
796 676 934 742 studimn
955 678 1134 760 deponere,
1171 676 1255 742 etin
1276 679 1336 740 bac
1355 677 1477 742 maiore
1495 687 1554 746 st'

192 773 354 846 ,uberiore
386 785 456 837 arte
487 772 623 837 versari.
682 774 775 838 Hanc
804 769 887 835 enim
918 771 1092 854 perlectam
1120 770 1377 856 philosophiam³
1405 793 1535 857 semper

182 859 355 942 iudicavi,
394 887 474 952 quae
504 869 542 931 de
570 866 716 942 maximis
738 865 977 953 quaestionibus
998 867 1133 949 copiose
1153 878 1265 950 posset
1286 876 1461 951 ornateque
1483 865 1532 930 di·
1558 941 1564 956 ι

201 983 295 1026 ceres
324 962 357 1026 in
384 985 477 1048 quam
499 963 760 1027 exercitationem
779 961 824 1025 its
846 983 905 1025 nos
926 961 1067 1027 studiose
1090 951 1275 1040 dedimusl,
1298 974 1335 1026 ut
1355 964 1416 1028 iam
1437 962 1532 1030 etiam

196 1055 328 1121 scholas
343 1058 543 1121 Graecorum
559 1078 649 1121 more
663 1058 781 1121 babere
802 1060 1001 1122 auderemus.
1024 1059 1069 1124 Ut
1090 1077 1192 1140 nuper
1213 1069 1301 1121 tuum
1320 1067 1395 1141 post
1411 1057 1535 1121 disces⁴

89 1151 96 1164 '
199 1172 270 1215 snm
291 1151 325 1215 in
347 1152 551 1227 Tusculano,
576 1172 671 1235 quum
690 1163 796 1240 essent
813 1151 1016 1236 complures⁵
1039 1172 1161 1216 meeum
1183 1150 1376 1227 familiares,
1398 1149 1530 1227 tentavi,

200 1245 279 1331 qnid
298 1244 330 1308 in
351 1266 390 1311 eo
413 1267 532 1330 genere
552 1246 714 1328 posseml.
739 1247 803 1316 ,Ut
825 1247 907 1310 enim
928 1257 1020 1309 antea
1035 1245 1274 1313 declamitabam
1291 1266 1420 1322 emmas,
1444 1245 1533 1332 quod

132 1411 138 1422 ,
200 1361 294 1405 nemo
327 1362 376 1405 me
404 1341 520 1405 diutius
551 1341 646 1404 lecit:
684 1340 730 1405 sie
757 1341 838 1404 haee
869 1339 946 1403 mihi
977 1340 1079 1405 nnue⁷
1108 1339 1216 1404 senilis
1248 1351 1296 1404 est
1328 1337 1537 1403 declamatio-⁸

199 1434 330 1500 Ponere
351 1435 516 1512 iubebam,
549 1438 588 1499 de
621 1456 688 1519 quc
710 1434 779 1519 quis
801 1433 911 1499 audire
932 1434 1050 1499 vellet:
1088 1436 1129 1498 ad
1150 1433 1205 1497 id⁸
1234 1445 1287 1498 aut
1317 1433 1447 1509 sedens,
1478 1442 1539 1496 ant'

201 1528 375 1591 ambulans·
393 1528 604 1611 disputabam.
663 1529 697 1598 8.
719 1530 832 1614 Itaque
866 1527 986 1592 dierum
1015 1526 1156 1614 quiaque
1176 1528 1324 1606 scholas,
1347 1539 1394 1597 „ut
1415 1526 1533 1593 Graeci

201 1622 379 1705 appellant,
412 1622 445 1686 in
467 1621 600 1687 totidem
623 1620 726 1687 libros
747 1622 883 1688 contuli.
939 1623 1053 1687 Flebat
1074 1622 1262 1700 antem‘ita,
1285 1633 1337 1699 nt,
1362 1642 1458 1707 qurum
1479 1621 1530 1698 is,
1596 1675 1598 1678 .

201 1716 258 1802 qui
279 1716 386 1779 audire
407 1716 525 1795 vellet,
550 1715 682 1780 dixisset
703 1715 780 1799 quid
799 1715 862 1780 sibi
884 1716 1066 1796 videretur,
1089 1729 1156 1781 tum
1173 1736 1237 1803 ego
1252 1727 1364 1782 eontra
1379 1714 1529 1780 dicerem.

199 1802 293 1873 Haec
315 1821 362 1878 est
383 1810 503 1886 enim‚-
523 1817 559 1873 ut
579 1810 659 1888 seis,
695 1811 808 1878 uetus⁹
829 1822 862 1875 et
883 1811 1049 1877 Socratica
1069 1810 1155 1875 ratio
1177 1823 1290 1876 eontra
1312 1807 1444 1874 alterius
1457 1806 1532 1891 opi·
1561 1859 1567 1868 .

201 1905 329 1969 aionem
347 1903 533 1968 disserendi.
578 1906 659 1968 Nam
680 1903 726 1968 ita
746 1902 906 1982 facillime,
930 1894 1012 1991 quid
1027 1905 1098 1969 veri
1118 1905 1307 1969 simillimum
1330 1905 1458 1979 esset¹⁰‚
1482 1902 1532 1967 in·

199 1997 306 2061 veniri
327 2019 424 2080 posse
445 2000 596 2062 Socrates
619 1997 846 2062 arbitrabatur.
905 1999 969 2062 Sed
997 2019 1062 2084 quo
1084 1998 1281 2064 commodius
1301 1996 1531 2080 disputationes

199 2095 364 2158 nostrae¹¹
387 2094 606 2176 explicentur,
641 2094 687 2157 sic
709 2113 762 2158 eas
784 2113 963 2176 exponam,
996 2092 1087 2179 qnasi
1109 2105 1225 2180 agatur
1246 2112 1325 2169 res,
1355 2111 1420 2156 non
1441 2088 1532 2174 quasi

199 2196 362 2249 narretur.
407 2188 500 2273 Ergo
511 2167 566 2252 'ita
588 2197 736 2250 nascetur
756 2186 935 2284 erordipm.
1351 2245 1353 2247 ,

285 2281 332 2343 V.
357 2280 389 2344 9.
412 2280 493 2344 A.12
515 2280 639 2344 Malum
661 2278 736 2343 mihi
753 2279 962 2344 videturesse
984 2301 1085 2346 mors.
1109 2284 1185 2347 Μ.
1208 2279 1348 2356 Iisne¹³,
1372 2276 1426 2363 qni
1441 2298 1531 2343 mor·

201 2373 248 2437 tui
269 2384 367 2452 sunt,
388 2395 427 2437 an
449 2372 486 2437 iis
494 2373 532 2451 li,
556 2374 673 2459 quibus
695 2373 893 2438 moriendum
914 2374 986 2438 est?
1027 2378 1073 2450 A.
1097 2374 1265 2460 Utrisque.
1309 2374 1365 2438 M.
1389 2371 1450 2437 Est
1471 2370 1529 2435 mi·

10 2545 19 2560 ο
88 2531 96 2536 ,
200 2485 306 2530 serum
326 2464 481 2551 igitur¹⁵,
517 2465 665 2549 quoniam
687 2468 814 2532 melum.
866 2470 912 2536 A.
937 2468 1047 2534 Certe.
1090 2472 1147 2535 M.
1170 2470 1265 2555 Ergo
1287 2478 1319 2532 et
1338 2467 1382 2544 ii,
1416 2465 1531 2550 quibus

201 2560 408 2636 munitium,
431 2572 468 2623 ut
489 2573 710 2640 morerentur,
735 2573 766 2626 et
787 2562 855 2641 ii⁸⁶3
880 2563 997 2650 qrribus
1019 2565 1210 2627 eventurum
1227 2572 1294 2638 est,
1319 2558 1438 2626 miseri.
1482 2560 1531 2625 A.

200 2655 288 2721 Mihi
321 2655 368 2741 ita
395 2655 535 2719 videtin.
571 2659 646 2721 ·M.
670 2657 775 2720 Nemo
806 2678 889 2743 ergo
918 2678 983 2725 non
1015 2657 1123 2721 miser.
1179 2659 1226 2723 A.
1256 2657 1401 2721 Prorsus
1422 2673 1530 2720 nomo.

199 2753 258 2816 M.
281 2752 329 2814 Et'
354 2753 498 2836 quidem,
534 2749 561 2814 si
592 2749 652 2815 tibi
673 2762 821 2816 constare
842 2750 912 2828 ris,
946 2772 1075 2828 omues,
1110 2749 1327 2837 qiiicnnque¹⁷
1348 2747 1414 2813 nati
1433 2758 1528 2823 sunt,

202 2853 358 2920 eruntre,
381 2865 446 2908 non
468 2843 571 2908 solum
593 2844 720 2922 miseri,
758 2847 813 2910 sed
835 2844 930 2908 etiam
953 2866 1077 2929 semper
1098 2844 1217 2909 miseri.
1254 2846 1337 2909 Nam
1359 2842 1386 2906 si
1405 2841 1530 2906 solos¹⁸

202 2958 260 3002 eos
292 2938 414 3003 diceres
445 2937 597 3015 miseros,
639 2939 754 3023 quibus
783 2939 982 3003 moriendum
1011 2952 1114 3016 esset,
1146 2939 1300 3003 neminem
1334 2947 1369 3000 tu
1401 2935 1530 3021 quidem

201 3053 332 3109 eorum,
356 3032 412 3119 qui
434 3032 598 3109 viverent,
623 3033 807 3115 exciperes,
831 3035 1040 3113 (moriendum
1063 3045 1110 3096 est
1126 3033 1207 3097 enim‘
1221 3029 1531 3111 omnibus¹⁹:)esse't

199 3133 305 3189 tamen
337 3125 482 3190 miseriae
509 3126 581 3189 finis
605 3126 637 3189 in
666 3137 794 3190 morte:
829 3128 1013 3214 quoniam²⁰
1035 3137 1139 3190 autem
1162 3126 1255 3190 etiam
1278 3121 1399 3189 mortui
1419 3122 1529 3186 miseri

200 3229 294 3296 stunt,
324 3220 356 3282 in
385 3219 542 3283 miseriam
564 3220 722 3285 nascimur
744 3221 980 3303 sempiternam.
1038 3223 1177 3285 Necesse
1200 3231 1248 3284 est
1270 3207 1372 3293 enim,
1396 3214 1529 3280 miseros

202 3347 1520 3382 ——---—-—--—s---·—-·—--—-—---·--·

200 3420 256 3475 Sed
282 3427 333 3475 uia
359 3426 476 3476 omniun
496 3437 575 3476 suut:
595 3427 736 3494 lugentum
766 3438 782 3474 a
806 3439 908 3478 natura
937 3417 1081 3480 Aristoteli
1096 3422 1220 3489 darum,
1253 3426 1371 3475 scientia
1400 3419 1529 3548 swan

199 3512 383 3569 comparata,
410 3503 508 3570 eopia,
535 3502 592 3552 sisa
611 3498 786 3569 eloquentis;
805 3515 837 3553 ut
856 3505 886 3555 in
912 3499 995 3554 Orat.
1015 3501 1038 3568 b
1060 3505 1087 3558 5.
1106 3501 1202 3552 Arist.
1223 3496 1388 3552 adnorabtu
1407 3515 1426 3567 q
1482 3513 1529 3550 aas

198 3578 320 3632 seientia
336 3581 365 3626 et
384 3579 472 3644 eopia.
494 3580 541 3646 (-
561 3591 617 3628 om.
636 3580 770 3638 seientia,
791 3580 872 3648 eopia
890 3574 979 3642 le.,
999 3590 1030 3630 nt
1049 3574 1098 3629 td.
1118 3571 1238 3646 Ursini.)

273 3647 312 3723 (¹)
332 3677 365 3689 -
386 3653 483 3720 copia,
507 3657 662 3702 commotus
680 3658 753 3702 esset
771 3649 803 3703 ll.
824 3650 896 3710 052
916 3667 954 3708 se
972 3656 1068 3723 copia,
1096 3668 1178 3721 quma
1197 3656 1351 3702 commotus
1375 3666 1400 3702 a.
1425 3645 1528 3700 Nescio
1582 3705 1584 3709 Α

197 3727 279 3776 enine
299 3741 373 3796 susp.
421 3721 459 3797 (2)
477 3752 515 3768 -
533 3723 632 3776 elocare
651 3730 736 3778 stiam
755 3730 846 3796 coepit
864 3726 912 3780 ad.
931 3726 1023 3778 dicere
1041 3727 1108 3778 Ern.
1129 3732 1155 3782 1.
1175 3724 1247 3778 mala
1266 3721 1303 3788 G,
1322 3722 1453 3795 deceptus
1473 3719 1529 3772 tnt-

198 3813 230 3852 sa
251 3797 432 3852 distinetione
453 3798 560 3854 nebu:
585 3799 677 3851 dicere
695 3807 781 3851 ettam
798 3807 904 3872 eoepit,
931 3801 1007 3856 adol.
1027 3801 1133 3854 docere.
1153 3830 1191 3852 -.
1209 3817 1266 3854 om.
1286 3798 1384 3850 docere
1403 3797 1436 3852 R.
1457 3795 1528 3853 Ota.

197 3879 278 3945 (qnia
311 3874 371 3927 seii.
399 3878 569 3948 antiquiores
597 3879 683 3927 stiam
704 3874 774 3930 Cdd.
793 3892 859 3929 cnm
879 3876 951 3934 011.
970 3878 1028 3929 boc
1045 3893 1154 3949 quoqne
1171 3876 1236 3929 leco
1254 3871 1395 3928 habebant
1413 3870 1528 3937 mesre.)

197 3973 235 3992 ·-
248 3951 322 4002 iliae
341 3952 394 4004 Da.
413 3953 447 4002 de
465 3949 555 4004 Beatl.
574 3949 647 4003 mdc
668 3949 717 4006 G:
736 3950 828 4003 dicere
846 3955 932 4004 etlam
944 3957 1034 4023 eoepit
1052 3950 1093 4006 ad
1103 3949 1307 4014 adolescentes,
1327 3957 1356 4000 st
1370 3961 1417 4020 pr.
1438 3946 1474 4074 ς)
1490 3973 1530 3991 -·

196 4024 385 4093 clamantium
403 4029 473 4077 mira
494 4023 584 4079 Bentl.
604 4043 678 4098 susp.
687 4025 737 4152 (1)
759 4025 806 4080 Sic
826 4025 877 4081 cd.
899 4028 1033 4081 blumbi
1054 4029 1085 4079 L.
1104 4025 1156 4082 W.
1178 4034 1204 4082 2.
1224 4023 1322 4100 probb.
1342 4024 1423 4076 Febr.
1462 4023 1528 4075 ouh.

195 4099 265 4152 Era.
288 4107 329 4163 1.,
350 4104 396 4170 qni
417 4099 463 4172 [].
483 4127 521 4144 -
545 4119 659 4172 operam
706 4101 813 4153 «samm
838 4103 870 4157 R.
894 4102 1125 4156 Panssscvtao.
1151 4099 1202 4175 (-
1222 4119 1336 4172 operam
1364 4098 1530 4152 contutimus

197 4174 291 4229 Beati.
321 4192 394 4249 susp.
421 4191 573 4229 memorata
598 4192 614 4228 a
642 4178 708 4245 Da.)
753 4176 791 4250 (³)
816 4205 854 4220 --
876 4178 974 4249 plures
998 4175 1101 4232 redd.
1121 4177 1186 4248 aliq.
1206 4176 1298 4231 Gebb.
1319 4175 1392 4229 otte.
1413 4173 1481 4226 Lall.
1502 4183 1528 4231 1.

196 4249 262 4303 soit.
300 4248 339 4325 (ὅ)
358 4280 394 4293 -
410 4259 517 4324 possim
537 4254 568 4304 R.
589 4251 660 4311 051.
699 4250 737 4326 (⁷)
757 4252 805 4306 Sic
824 4253 857 4305 ll.
877 4253 932 4307 Alii
953 4251 1021 4307 edd.
1042 4253 1231 4307 incumbo.
1250 4275 1288 4309 τ
1306 4269 1378 4303 nume
1396 4247 1463 4300 milti
1476 4248 1527 4303 SE.

197 4324 290 4379 (sabb.
312 4336 337 4382 1.
356 4327 409 4383 W.
427 4333 455 4381 2.
494 4325 533 4401 (⁸)
551 4346 568 4378 e
588 4327 646 4381 Pal.
668 4343 722 4381 see.
743 4326 842 4402 (le.)
862 4327 951 4382 Gebb.
971 4329 1007 4382 D.
1029 4337 1054 4384 l.
1073 4329 1127 4381 W.-
1147 4335 1173 4383 2.
1192 4319 1282 4382 -’1ιὶ
1300 4328 1331 4378 td
1349 4325 1420 4381 021.
1440 4326 1472 4378 P.
1491 4332 1531 4366 ···'
1606 4379 1609 4390 ,

197 4417 233 4453 ac
253 4401 286 4453 id
301 4399 371 4454 Cdd.
393 4402 457 4471 aliq.
477 4402 579 4456 ABSR.
599 4402 678 4477 prob.
700 4405 788 4458 Boni.
807 4431 847 4445 -
865 4412 894 4454 et
912 4403 945 4455 a'd
955 4403 1068 4458 GVML.
1091 4403 1160 4456 bsti-
1197 4397 1236 4479 (5)
1253 4426 1291 4461 τ.-
1308 4410 1411 4463 vetris,
1432 4408 1462 4450 'ret
1474 4404 1531 4450 seia

197 4475 253 4529 SE.
292 4474 341 4552 (Ὦ)
361 4506 399 4519 -
416 4477 484 4548 quid
500 4495 598 4534 vomam
617 4487 706 4546 seret,
738 4485 836 4531 vulve
855 4480 1024 4532 stimulatum
1045 4477 1105 4531 Col.
1125 4499 1157 4532 ex
1178 4477 1306 4551 interpol.
1345 4476 1396 4549 (¹¹)
1414 4505 1454 4518 -·
1471 4491 1528 4528 om.

195 4559 314 4603 nostrae
335 4552 446 4606 ABML.
486 4553 593 4622 (19)-
613 4558 727 4606 Atticus
744 4555 787 4609 El.
807 4571 930 4626 utemur.
952 4554 1089 4622 (Auditor
1109 4557 1186 4611 Man.
1202 4554 1270 4609 tall.
1291 4556 1389 4619 recte.)
1417 4551 1467 4620 (¹³)
1482 4550 1530 4604 Sic

196 4626 310 4681 suun.
331 4625 421 4682 ems.
443 4626 511 4682 esu.
534 4635 558 4685 t.
585 4630 636 4687 w.
664 4629 742 4701 pros.
774 4632 858 4686 oo...
877 4631 1025 4700 aamgg.
1046 4649 1073 4704 p.
1094 4636 1195 4690 71-
1214 4630 1291 4682 tane
1313 4630 1344 4682 R·
1374 4625 1528 4682 Ptflssvss·
1632 4681 1638 4696 .

197 4709 225 4759 2.
253 4699 304 4774 (¹⁴)
323 4722 361 4755 ιτ
379 4708 421 4753 es's
439 4702 504 4756 Sebs
525 4709 552 4758 2.
571 4733 611 4746 —
628 4705 673 4755 lsi-r
691 4707 722 4758 ll.
742 4707 778 4760 D.
800 4707 852 4778 (¹⁵)
871 4727 909 4760 =
924 4711 966 4776 tg.
986 4713 1047 4757 mis.
1068 4707 1250 4761 PABSEML.
1270 4712 1339 4772 (non
1362 4703 1418 4758 CV.
1431 4699 1529 4754 :Gebb

195 4775 294 4851 seqq.)
314 4776 364 4844 (²⁶)
382 4806 422 4821 ···
440 4777 469 4828 '1⁴'
489 4781 636 4849 utrobique
657 4783 688 4833 li.
711 4781 868 4837 ABECVD.
896 4782 945 4851 (¹7)
965 4809 1003 4823 -··
1021 4785 1069 4853 qui
1087 4800 1205 4854 lanqueum
1224 4779 1282 4834 Col.
1312 4776 1363 4854 (¹⁸)
1384 4803 1419 4819 ·-
1440 4777 1529 4830 solum

196 4854 251 4908 Cd·
272 4853 415 4927 Stephani.
435 4855 508 4910 Ota.
529 4856 676 4912 PARSEC.
714 4856 764 4926 (¹⁹)
784 4886 822 4900 -
841 4858 910 4911 haec
928 4876 1004 4916 mor.
1022 4890 1040 4902 -
1059 4887 1076 4901 ·
1096 4863 1313 4931 ommsnspscta
1334 4856 1448 4909 Censori
1470 4854 1529 4906 lem
1622 4917 1624 4926 .

195 4927 250 5003 (20)
266 4958 306 4974 ⁶-
324 4928 433 5000 errando
453 4930 524 4985 021.
1520 4927 1525 4942 ⁸
