3384 5359
180 319 220 383 ss
255 267 268 386 J
432 320 821 391 ‘snscunuuuunu
856 279 1254 425 n1srnaun10unu

176 460 397 546 cupiditatems
421 484 500 549 quas
522 463 601 531 locis
623 462 808 540 disclusit¹3
837 463 918 532 iram
938 466 971 554 in
992 478 1143 550 pectore,
1168 464 1379 551 ‘cupiditatem
1394 470 1505 534 subter

132 597 150 622 s
176 559 365 642 praecordia
386 557 519 630 locarit.
572 560 626 623 91.
650 559 866 625 Dicaearchus
888 561 1046 625 antemio
1068 583 1108 628 eo
1129 582 1296 641 sermone,
1318 581 1413 648 quem
1435 562 1504 638 Co·

80 675 84 682 ⁴
168 643 275 717 binthi
294 652 436 716 habitum
457 652 559 717 trihus
581 652 671 719 libris
693 654 845 738 exponit,
880 658 1050 722 doctorrnn
1071 657 1233 722 hominum
1255 657 1506 742 disputantium,

176 744 281 830 primo
316 746 402 812 libro
434 747 550 812 multos
584 747 751 833 loquentes
779 748 877 827 lacit,
912 752 1037 816 duobus
1068 751 1293 815 Pherecratem
1328 754 1502 836 quendam,

176 837 362 906 Phthiotam
383 861 511 917 senem,
536 862 629 925 quem
657 841 702 906 tit
721 863 740 906 a
761 841 960 911 Deucalione
978 858 1102 925 ortum,
1136 846 1342 911 disserentem
1363 846 1503 929 inducit,

77 939 90 950 ”
177 933 255 1000 nihil
276 956 346 999 esse
372 935 500 1000 omuino
520 933 674 1014 animum,
698 946 731 1001 et
751 939 815 1003 hoc
837 958 907 1005 esse
928 961 1045 1018 nomen
1063 952 1165 1007 totum
1187 939 1296 1015 inane,
1320 939 1504 1027 frustraque

176 1034 230 1097 et’
255 1030 399 1095 animalia
421 1042 454 1093 et
482 1029 653 1096 animantes
675 1030 845 1115 appellari3
876 1035 1002 1121 neque³
1031 1032 1065 1097 in
1085 1033 1213 1099 homine
1237 1032 1341 1098 inesse
1366 1034 1502 1097 animum

176 1127 229 1192 uel
251 1124 416 1201 animust,
440 1124 544 1189 necin
562 1125 682 1204 bestia3
704 1125 834 1210 vimque
851 1146 979 1191 omnem
997 1141 1086 1205 eam,
1111 1149 1171 1210 qua
1188 1126 1385 1212 relegamus
1406 1126 1501 1211 quid,

177 1220 229 1284 vel
248 1218 438 1296 sentiamus,
460 1218 494 1282 in
511 1218 657 1284 omnihus
676 1218 869 1303 corporibus
885 1219 968 1285 rivis
990 1220 1199 1307 aequabiliter
1220 1242 1289 1286 esse
1306 1220 1421 1298 lusam,
1444 1241 1504 1285 nec

86 1323 89 1331 “
177 1312 386 1396 separabilem
404 1333 421 1375 a
441 1333 582 1397 corpore
600 1334 689 1389 esse,
727 1312 844 1402 qnippe
864 1334 947 1399 quae
971 1315 1057 1379 nulla
1074 1314 1134 1390 sit,
1169 1314 1229 1388 nec
1251 1313 1292 1378 sit
1312 1313 1501 1399 quidquam,

176 1408 238 1476 nisi
260 1430 380 1492 corpus
408 1429 505 1473 nuum
527 1419 560 1472 et
581 1406 734 1491 simplex,
769 1407 814 1471 ita
836 1407 1025 1494 figuratum,
1062 1418 1098 1473 ut
1119 1407 1351 1491 temperatione
1371 1420 1503 1475 natum

176 1505 286 1591 vigeat
308 1502 506 1568 et'seutirt.·
530 1501 585 1566 22.
608 1501 800 1568 Aristoteles
820 1502 919 1589 longe
941 1502 1087 1568 omnibus
1109 1503 1290 1584 (Platonem
1303 1525 1431 1589 semper
1445 1525 1504 1576 ex-

175 1598 297 1684 cipio,)
318 1608 483 1681 praestans
503 1607 537 1661 et
556 1595 703 1683 ingenio,
737 1608 770 1661 et
790 1593 993 1681 diligentia⁸,
1023 1618 1119 1682 quum
1147 1608 1300 1683 quattuor
1335 1599 1431 1664 nota⁶
1451 1598 1505 1663 illa

177 1713 296 1784 genera
311 1689 561 1775 principiorum²
583 1700 667 1760 esset
688 1691 893 1775 complexus,
916 1690 1065 1776 equibus
1083 1692 1187 1756 omnia
1205 1690 1385 1772 orirentur,
1408 1693 1502 1779 quin·
1580 1729 1587 1740 ·

176 1799 241 1852 tam
265 1786 420 1872 quandam
439 1796 584 1850 naturam
605 1798 714 1852 censet
736 1806 824 1863 esse,
848 1804 867 1849 e
889 1782 1012 1872 quasit
1032 1806 1131 1868 mens.
1176 1785 1332 1872 cogitare
1353 1785 1450 1863 enim,
1473 1797 1505 1850 et

120 1882 124 1890 ’
175 1879 369 1970 providere,
407 1887 440 1944 et
468 1880 611 1976 discere,
649 1891 681 1946 et
705 1882 840 1957 docere,
877 1891 911 1944 ct
937 1875 1079 1944 inventa
1101 1879 1237 1966 aliquid3
1269 1891 1302 1943 et
1323 1890 1386 1944 tam
1408 1880 1505 1945 multa
1579 1923 1585 1934 -

176 1974 270 2051 slia⁸,
305 1972 501 2050 meminisse,
532 1995 658 2051 amare,
683 1971 807 2048 odisse,
825 1983 968 2056 cupere,
990 1971 1121 2049 timere,
1147 1972 1235 2058 anm,
1262 1973 1392 2039 laetaris
1424 1974 1505 2037 baec

175 2079 209 2151 et
230 2067 342 2134 similia
364 2087 476 2134 eorum
490 2066 524 2131 in
537 2069 654 2134 horum
668 2063 823 2154 quattuor
836 2085 992 2150 generum
1011 2064 1243 2146 inessenullo⁹
1256 2079 1358 2150 putu.
1402 2059 1504 2150 Quin·

174 2176 242 2228 tum
265 2181 366 2248 genus
388 2162 534 2240 adhibet,
558 2182 674 2226 nesus
702 2159 848 2236 nomiue3
875 2169 907 2223 et
927 2157 974 2224 sic
994 2157 1096 2242 ipsum
1117 2160 1252 2225 animum
1274 2163 1503 2249 sustinerem

175 2257 349 2344 appellat¹⁸
371 2275 460 2323 novo
484 2255 631 2335 nomme,
660 2254 751 2342 qussi
771 2254 925 2339 quandam
948 2251 1161 2320 continuatam
1181 2253 1355 2321 motionem
1375 2266 1408 2320 et
1427 2275 1503 2341 per·
1551 2307 1561 2325 .

171 2372 299 2418 enuem.

259 2444 325 2509 xt.
347 2442 421 2509 nist
444 2463 527 2530 quse
549 2464 599 2508 me
618 2442 707 2508 forte
724 2443 873 2530 ingirmt,
901 2444 999 2509 hae¹’
1017 2455 1091 2509 sunt
1114 2442 1220 2511 lerc¹³
1241 2448 1280 2511 dc
1303 2444 1409 2509 snimo
1429 2464 1503 2510 sen·

175 2538 315 2607 tentiae.
358 2535 581 2604 Democritum
602 2538 703 2614 enirn,
728 2559 878 2625 magnum
896 2538 1023 2625 quidem
1047 2538 1136 2604 illum
1158 2538 1281 2616 virum,
1305 2542 1396 2604 sed¹⁴
1422 2536 1503 2603 leri·

176 2636 237 2700 bus
263 2641 296 2698 et
320 2630 470 2697 rotundis
490 2630 691 2715 corpusculis
712 2633 897 2697 efficientem
927 2631 1065 2698 animum
1089 2654 1247 2699 concursu
1269 2635 1406 2720 quodam
1432 2632 1503 2698 lor·

177 2727 273 2804 tuito,
297 2724 490 2791 omittamus.
527 2725 616 2789 Nihil
632 2737 681 2789 est
694 2726 777 2791 enim
788 2729 873 2810 apud
887 2725 966 2792 istos
975 2728 1014 2805 ¹⁵,
1030 2729 1119 2813 quod
1133 2747 1199 2792 non
1214 2735 1393 2793 atomorum
1407 2726 1503 2790 trecha

175 2819 339 2896 conficiat.
398 2819 453 2883 tt.
475 2818 601 2883 Harum
622 2820 847 2886 sententiarum
869 2842 950 2908 qnae
971 2841 1051 2887 vers
1072 2819 1135 2898 sit,
1158 2822 1235 2886 deus
1257 2819 1354 2905 aliqui
1364 2819 1392 2860 ¹⁶
1409 2816 1504 2883 uide-

175 2915 239 2980 rit:
265 2935 345 3001 quae
366 2912 631 2991 verisimillima,
655 2933 768 3001 magns
791 2915 935 3001 quaestio
958 2926 1019 2980 est.
1053 2916 1169 2980 Utrum
1191 2912 1290 2999 igitur
1305 2909 1425 2977 iuter¹⁷
1444 2913 1502 2976 has

175 3008 344 3075 sententias
366 3005 538 3086 diiudicare
555 3007 728 3094 malumus,
759 3029 800 3072 an
818 3009 858 3072 ad
878 3009 1081 3092 propositum
1103 3006 1236 3072 redire?
1271 3009 1317 3073 A.
1340 3004 1502 3088 Cuperem

175 3104 320 3188 equidem
343 3113 529 3186 utrumque,
554 3102 582 3165 si
600 3113 729 3186 posset:
752 3106 808 3168 sed
833 3114 882 3166 est
901 3101 1026 3167 difficile
1046 3103 1241 3168 confundere
1249 3102 1288 3165 ¹⁸.
1332 3100 1442 3182 Quare
1461 3099 1503 3174 si,

83 3233 92 3254 κ
174 3211 210 3268 ut
231 3197 291 3262 ista
313 3216 377 3261 non
400 3195 646 3272 disserantur¹⁹,
684 3196 814 3261 liberari
836 3193 950 3260 mortis
972 3207 1057 3259 metu
1076 3216 1262 3279 possumus,
1295 3193 1328 3259 id
1350 3214 1500 3280 agamus:

175 3292 277 3356 ninid
301 3312 364 3356 uon
387 3300 514 3374 potest,
551 3289 611 3353 nisi
632 3291 693 3355 hac
714 3290 899 3377 quaestione
922 3290 1098 3355 animorum
1123 3290 1299 3372 explicatu
1333 3310 1440 3364 nunc,
1474 3285 1502 3351 si

173 3383 321 3459 videtur,
355 3386 438 3459 hoc3
467 3381 547 3447 illud
568 3384 657 3448 alins.
712 3388 767 3450 M.
792 3385 893 3466 Quod
911 3385 1004 3450 malle
1027 3395 1059 3448 te
1082 3383 1248 3469 intelligo,
1273 3385 1306 3447 id
1326 3385 1405 3465 pbto
1431 3402 1502 3446 esse

172 3477 383 3554 commodius,
427 3477 553 3546 Efficiet
567 3476 649 3545 euim
666 3479 766 3555 ratio,
792 3488 843 3554 ut,
867 3498 1075 3563 quaecuuque
1090 3499 1168 3542 vera
1184 3478 1225 3541 sit
1245 3497 1353 3541 earum
1371 3488 1500 3540 senten·

248 3689 285 3768 (Ι)
304 3720 343 3739 .-
361 3691 430 3742 loels
454 3694 514 3741 suls
541 3685 669 3742 disclusit
686 3689 813 3754 ABSEC.
838 3718 878 3734 -
895 3706 953 3744 orn.
972 3689 1099 3742 disclusit
1119 3691 1185 3743 us
1215 3705 1253 3740 m.
1273 3707 1315 3761 pr.
1333 3687 1439 3741 Elisus.
1458 3705 1501 3760 pr.

122 3788 127 3810 ι
171 3794 210 3817 v-
228 3767 298 3821 locs's
316 3770 391 3831 suls,
411 3770 486 3817 lram
504 3796 524 3810 -
542 3794 562 3809 -
579 3765 686 3820 locavit
704 3764 758 3819 Db.
778 3793 817 3809 —·
834 3764 905 3817 loeis
917 3764 1054 3817 disclussas
1073 3766 1125 3820 Da.
1146 3771 1195 3831 (-
1214 3762 1287 3814 dssas
1296 3770 1413 3834 partes,
1432 3779 1501 3833 quas

167 3859 273 3920 perere
290 3839 396 3906 volsus,
423 3846 443 3894 l.
463 3849 492 3893 st
509 3857 549 3909 m,
573 3841 641 3894 losls
659 3839 787 3893 dlsclrsslt
805 3838 964 3899 Wakefield
983 3840 1114 3893 adher.
1135 3844 1169 3904 5,
1197 3841 1274 3904 1111.)
1295 3840 1332 3906 (²)
1350 3863 1389 3882 -
1402 3854 1458 3891 om.
1472 3844 1511 3889 et,

171 3917 201 3978 h.
224 3918 266 3972 Μ.
287 3915 377 3976 Gebh.
397 3916 432 3971 D.
452 3916 521 3969 Lell.
541 3922 568 3973 1.
605 3914 646 3987 (³)
664 3937 702 3975 =
719 3934 769 3969 nse
788 3917 818 3969 l..
863 3914 902 3990 (l)
919 3943 959 3960 -
976 3935 1001 3969 s.
1019 3917 1208 3968 celerrimam
1226 3913 1353 3969 Bentlrto
1372 3926 1500 3985 suspects

171 3993 221 4067 [].
240 3992 294 4051 W.
314 3997 345 4046 ln
363 3989 414 4045 Ed.
434 4010 477 4065 pr.
503 3988 528 4045 d
546 3988 617 4052 cdd,
637 3990 702 4064 allq.
721 4007 754 4045 ss
773 3988 869 4044 abesse
890 4004 1007 4046 testatur
1025 3990 1055 4043 L.
1076 3989 1209 4044 Delendis
1223 3990 1332 4043 Nissen.
1353 3993 1403 4054 (-·
1414 4004 1500 4057 neque

170 4076 202 4131 tn
221 4067 330 4120 homlns
348 4073 368 4129 t,
389 4071 521 4134 murum,
538 4083 589 4119 uec
607 4072 732 4120 anim
749 4072 780 4119 lu
798 4066 898 4123 bestia.
917 4067 1011 4119 listhlt
1031 4070 1119 4139 susp.)
1157 4063 1195 4141 (⁵)
1213 4072 1292 4115 -ct
1310 4070 1386 4133 ruffi,
1405 4070 1435 4114 et
1446 4079 1501 4114 sa-

167 4148 296 4224 pientia,
313 4151 342 4195 st
360 4141 409 4195 dll.
427 4140 480 4196 Ed.
500 4157 554 4198 vet.
574 4143 729 4197 Bouhiertt.
767 4139 807 4216 (θ)
819 4169 858 4185 -
876 4159 931 4197 om.
951 4150 1021 4194 nora
1039 4141 1082 4195 Μ.
1102 4140 1173 4215 (non
1192 4141 1223 4192 l..
1245 4137 1341 4214 1566.)
1361 4136 1453 4193 Gebh·
1473 4145 1500 4197 1·

171 4218 223 4295 (z
241 4218 292 4270 llla
310 4226 380 4270 nota
401 4217 472 4282 AB.)
511 4216 549 4291 (l)
569 4222 605 4262 ι’-
623 4234 680 4272 om.
696 4222 901 4291 princlplorssm
919 4215 971 4270 Ed.
990 4233 1045 4272 vet.
1064 4217 1218 4271 Bouhierii.
1257 4214 1294 4281 (Β)
1314 4245 1350 4258 -
1368 4214 1428 4266 alia
1446 4210 1501 4268 det.

170 4291 303 4349 censebor
336 4297 417 4360 Erm,
451 4297 516 4366 quis
546 4291 620 4349 male
647 4292 794 4367 iungebat:
823 4300 847 4347 t.
866 4311 904 4347 m.
923 4293 983 4344 alia
1006 4310 1086 4346 num.
1137 4290 1176 4360 (⁹)
1196 4290 1243 4344 Sto
1262 4291 1293 4343 u.
1313 4289 1348 4345 D.
1367 4308 1407 4344 =
1424 4287 1501 4341 mello

170 4376 260 4430 tussse
280 4369 382 4428 Cesset,
434 4369 484 4437 (¹⁰)
509 4383 548 4428 so
574 4368 777 4424 endelechelam
802 4368 833 4423 u.
862 4368 941 4424 ABS.
961 4382 1000 4421 co
1018 4364 1263 4442 ἐνδελέχειαν
1281 4382 1314 4417 ex
1334 4362 1410 4420 Med.
1431 4366 1501 4419 Ven.

170 4449 253 4504 11191.
273 4443 308 4497 D.
327 4443 397 4498 vide
416 4445 526 4499 Nsecte
544 4442 585 4496 ad
602 4442 760 4500 Choerilum
778 4462 805 4518 p.
827 4449 890 4503 177.
929 4440 982 4517 (¹¹)
1000 4471 1038 4486 -
1056 4442 1211 4514 appellavit
1230 4440 1282 4494 SE.
1308 4438 1359 4514 (¹²)
1378 4469 1414 4484 -·
1433 4439 1502 4493 baso

169 4522 205 4575 D.
243 4520 293 4590 (¹³)
314 4519 362 4572 Slc
382 4521 414 4574 tt.
433 4519 462 4575 b.
482 4520 549 4576 aut.
568 4520 672 4578 PDW.
691 4526 718 4580 2.
737 4549 776 4568 η-
786 4517 858 4588 fers
878 4525 1000 4571 omnium
1020 4514 1226 4572 tesncvut..
1247 4523 1274 4572 1.
1326 4513 1434 4589 (14)-
1451 4513 1504 4567 red
1616 4541 1619 4554 ·

169 4595 223 4651 del.
254 4594 383 4652 censebat
406 4595 474 4655 Em.
512 4593 564 4670 (¹⁵)
583 4623 622 4640 -
645 4596 722 4650 tllrun
748 4593 920 4649 PABSECL.
969 4591 1023 4667 (¹⁶)
1042 4592 1091 4646 Sic
1117 4593 1148 4646 R.
1168 4592 1203 4643 D.
1222 4609 1261 4644 =
1279 4593 1380 4663 allqus‘s
1398 4593 1500 4645 Ceteri.

169 4671 224 4741 (¹⁷)
242 4698 281 4714 -
299 4677 374 4726 inser
392 4686 553 4745 suspectum
572 4663 605 4730 Ι..
625 4675 655 4723 tn
673 4688 712 4730 m.
733 4672 814 4731 1581.
834 4670 933 4735 (13)-
947 4687 1004 4721 nors
1021 4666 1195 4738 confundere
1214 4665 1255 4718 M.
1275 4665 1345 4741 (nou
1359 4668 1391 4724 l..
1406 4667 1502 4731 1566.)

170 4776 209 4792 -
226 4743 379 4817 confutare
398 4746 441 4800 Et.
461 4763 503 4819 pr.
522 4772 561 4796 u·-
578 4751 747 4816 cous'ssssgere
767 4747 803 4798 D.
823 4761 898 4816 susp.
917 4772 955 4791 -υ
973 4742 1025 4798 ssd
1041 4759 1100 4795 esse
1119 4740 1241 4813 difficile
1259 4741 1396 4816 confitere
1408 4739 1500 4796 Bentl.

170 4839 245 4895 susp,
266 4820 377 4876 llelutst
395 4821 561 4894 HottIngcr,
579 4836 679 4884 notans
699 4818 871 4891 consimdere
890 4835 969 4885 esse,
989 4834 1044 4873 una
1063 4818 1252 4892 disputatione
1270 4818 1351 4892 plura
1370 4822 1409 4873 ita
1422 4832 1502 4870 coms·

169 4897 277 4980 plecti,
297 4912 330 4957 ut
345 4896 382 4951 sb
401 4913 431 4956 se
449 4900 583 4958 non-sint
602 4895 763 4972 separantis.
800 4893 853 4969 (19)
871 4923 910 4940 -
928 4894 1100 4956 disseramus
1118 4891 1275 4953 ensem.
