3384 5359
629 330 721 398 utu.
745 330 775 396 1.
819 328 863 396 C.
888 334 941 396 tt.
967 331 1019 396 u.
1450 335 1490 423 u

156 472 292 560 turum,
316 470 404 557 qnns‘
417 472 574 555 exposui,
599 493 685 536 mors
711 482 765 536 aut
787 472 902 536 melum
925 472 1074 549 nonsit,
1099 485 1152 538 ant
1175 473 1350 540 tithonum
1366 475 1488 558 potins.

156 569 211 632 tt.
234 570 315 632 Nam
335 568 362 630 si
387 587 457 645 cor,
475 580 530 630 aut
552 565 698 652 sanguis,
712 578 769 630 eut
792 567 958 632 cerebrum
978 579 1027 646 est
1051 568 1189 644 animus3
1213 581 1313 646 certe,
1338 570 1489 655 quoniam

156 672 205 726 ost
226 683 365 745 corpus,
389 660 531 726 interibit
552 684 624 726 cunt
646 660 774 745 reliquo
796 682 957 744 corpore:
979 660 1007 725 si
1028 661 1151 726 ιιιίιιιαι
1178 676 1245 739 est,
1267 663 1407 728 sortasse
1427 663 1491 727 dis·
1572 695 1574 700 v

154 758 348 842 sipnbitur²=
373 756 400 820 si
414 756 517 842 ig'nis,
542 756 784 841 exstinguetur:
805 756 833 819 si
849 767 896 819 est
912 756 1309 835 Aristoxeni³harmonia,
1335 757 1492 822 dissolve·

154 863 219 917 tur.
264 849 352 933 Quid
374 853 412 915 de
438 850 640 918 Dicaearcho
664 850 784 925 dicam,
809 849 864 934 qui
882 850 959 916 nihil
982 854 1111 918 omnino
1127 853 1263 916 animum
1279 852 1382 916 dicat¹
1395 850 1490 916 esse?

153 945 217 1011 His
231 944 399 1017 sententiis
415 945 561 1009 omnibus
576 943 655 1008 nihil
668 955 743 1028 post
757 954 894 1007 mortem
907 944 1090 1027 pertinere⁵
1105 949 1145 1012 tul
1160 967 1348 1033 quemquam
1361 957 1488 1029 potest:

95 1089 105 1114 s
151 1039 277 1123 pariter
297 1038 469 1103 enimcum
491 1039 558 1102 vita
577 1059 687 1102 sensus
705 1036 878 1101 amittitur:
903 1059 966 1102 non
989 1039 1152 1103 sentientis
1171 1052 1294 1115 utitem,
1318 1040 1397 1104 nibil
1418 1052 1486 1118 est,

151 1135 249 1198 ullam
274 1133 307 1218 ¹¹l
332 1144 457 1218 partem
482 1136 572 1218 qttod
592 1132 729 1197 intersit.
781 1132 999 1215 ‚Reliquorum
1019 1133 1190 1200 sententiae
1212 1154 1300 1216 spem
1330 1135 1487 1211 afferunt,
1579 1165 1583 1194 i

149 1229 180 1293 si
203 1240 236 1292 te
253 1228 340 1294 forte
358 1228 618 1302 hocttetectat,
643 1246 738 1308 posse
761 1224 901 1301 animos,
925 1248 1021 1309 qutun
1039 1248 1056 1290 e
1072 1227 1265 1311 corporibus
1282 1230 1489 1305 excesserint,

150 1321 185 1385 in
205 1322 347 1400 caelum,
371 1321 461 1404 φησί
475 1321 506 1385 in
524 1319 716 1408 domicilium
731 1342 843 1395 suurn,
859 1321 1041 1404 pervenire.
1085 1325 1131 1386 A.
1155 1324 1214 1386 Me
1239 1342 1317 1413 vero
1334 1323 1489 1386 delcetat:
1528 1365 1531 1370 «

148 1415 248 1502 itque
262 1415 401 1500 primum
417 1415 466 1484 ita
481 1436 551 1479 esse
566 1413 704 1488 relim⁷;
728 1415 857 1490 deinde,
881 1412 977 1478 etiam
1000 1415 1027 1479 si
1042 1437 1107 1480 non
1130 1416 1200 1490 sit‚·
1213 1416 1291 1479 mihi
1305 1415 1490 1506 persuaderi

151 1512 283 1575 tamen⁸
304 1509 420 1577 velim.-
456 1513 513 1575 M.
537 1507 623 1590 Quid
636 1507 694 1571 tibi
708 1529 789 1594 ergo
805 1530 906 1591 opera
921 1521 1032 1573 nostra
1048 1531 1130 1592 opus
1153 1509 1225 1574 est?
1247 1532 1321 1574 uum
1336 1510 1490 1595 eloquen-

154 1604 200 1668 tia
215 1606 384 1669 Platonem
401 1624 556 1687 superare
571 1603 763 1686 possumus?
786 1603 916 1668 Evolve
931 1603 1098 1689 diligenter
1112 1605 1178 1669 eius
1193 1626 1263 1667 eum
1279 1604 1408 1682 librum,
1433 1603 1489 1690 qui

52 1703 57 1716 “
154 1712 205 1763 est
227 1701 266 1763 de
288 1698 412 1765 animos
436 1697 570 1781 amplius
589 1699 676 1782 quod
697 1694 879 1774 desideres,
904 1697 982 1763 nihil
1007 1698 1081 1764 erit.
1124 1701 1170 1764 A.
1195 1699 1274 1763 Feci
1295 1699 1488 1777 mehercule,

155 1793 336 1879 etquidem
363 1793 503 1877 saepius.
562 1793 648 1870 Sed,
681 1791 792 1857 nescio
822 1814 888 1876 quo
917 1795 1035 1870 modo,
1073 1797 1146 1858 dnm
1178 1794 1273 1881 lego,
1314 1794 1488 1869 assentior-3

155 1891 255 1971 dirum
276 1888 379 1971 posui
391 1888 529 1965 librom,
553 1899 585 1951 et
599 1886 804 1969 mecnmipse
820 1887 860 1950 de
882 1886 1117 1953 inmortalitate
1131 1888 1308 1954 animorum
1323 1887 1489 1971 coepico-

154 1981 271 2067 girus,
295 1981 437 2046 mansio
455 1980 556 2048 omnis
574 1980 651 2046 illel
673 1980 823 2046 elabitur.
868 1982 922 2046 25.
945 1984 1002 2048 Μ.
1027 1980 1113 2065 Quid
1130 1982 1219 2049 hoc?
1240 1985 1338 2047 dnsns
1356 1992 1494 2046 nutma-
1528 1979 1532 1985 ’

153 2095 235 2140 nere
251 2075 376 2141 trimos
394 2081 472 2159 p‘ott
497 2086 653 2151 mortem,
677 2086 731 2140 eut
755 2086 860 2141 morte
872 2075 950 2165 ipsa
965 2075 1118 2144 interire?
1154 2077 1201 2142 A.
1223 2077 1278 2144 Do
1294 2097 1387 2142 vero.
1405 2093 1410 2105 ·
1430 2078 1489 2142 Μ.

154 2168 268 2250 erid?
289 2169 345 2234 si¹⁰
368 2169 533 2238 maneant?
555 2174 602 2237 A.
625 2171 745 2235 Beatos
761 2189 831 2236 este
849 2172 1026 2236 concedo.e
1048 2174 1105 2238 Μ.
1130 2170 1219 2235 Sin¹¹
1242 2169 1421 2261 intereunt?
1441 2171 1489 2236 A.

152 2265 233 2330 Non
255 2285 325 2329 esse
344 2263 498 2341 miseros¹
520 2262 671 2349 quoniam
688 2286 728 2330 ne
742 2263 805 2330 sint
813 2266 840 2308 ¹²
856 2263 996 2349 quidem.
1019 2266 1136 2330 Nam¹³
1153 2264 1257 2341 istud,
1281 2262 1419 2330 conctis
1440 2274 1486 2340 te,
1517 2295 1522 2318 ι

62 2375 67 2440 ζ
152 2357 264 2441 paullo
279 2369 353 2422 anto
371 2358 600 2424 concessimus.
643 2361 700 2426 Μ.
724 2358 801 2440 Quo
819 2361 917 2426 modo
934 2356 1053 2442 igitur,
1077 2371 1132 2424 eut
1150 2380 1209 2422 cnr
1223 2369 1357 2425 mortem
1372 2355 1489 2420 malum

152 2450 214 2516 tibi
236 2451 339 2517 videri
357 2451 460 2517 diris?
481 2473 563 2537 quse
584 2455 846 2521 sorbuissent
868 2452 983 2518 efficiet
992 2453 1039 2531 ¹¹,
1074 2452 1184 2520 animis
1196 2451 1413 2528 manentibns3
1434 2461 1491 2526 ant

152 2559 221 2612 non
236 2545 390 2622 miseros,
414 2567 509 2612 sensu
529 2557 687 2612 carentes.
1217 2545 1223 2564 ⁸
1419 2583 1424 2590 ·

239 2640 324 2705 ΧΠ.
346 2641 403 2706 26.
425 2644 473 2708 Α.
496 2641 636 2725 Expone
657 2642 774 2729 igitur,
805 2640 867 2706 nisi
887 2641 1058 2707 molestum
1076 2651 1143 2719 est,
1166 2639 1322 2724 primum,
1346 2638 1487 2718 trimos,
1597 2648 1600 2654 “
1689 2675 1690 2685 ¹

151 2731 346 2817 siponsfl,
369 2738 535 2799 remanere
552 2746 628 2819 post
648 2748 804 2802 morter:
827 2747 906 2813 tom,
931 2735 1072 2802 siminus
1086 2734 1309 2811 idobtinebis‚
1333 2733 1488 2816 (estenim

113 2915 117 2919 .
155 2829 288 2921 arduum
300 2830 325 2908 ;)
346 2828 496 2904 docebis,
519 2849 628 2893 cerere
646 2829 731 2895 omni
745 2829 830 2896 melo
852 2841 1002 2894 mortem.
1048 2819 1126 2913 Ego
1146 2829 1228 2894 enim
1245 2827 1363 2892 istud¹⁶
1383 2829 1488 2914 ipsum

155 2940 279 2992 vercor
296 2942 336 2985 ne
355 2922 469 2986 multuo
484 2923 543 2999 sit,
568 2923 740 2999 nordico,
765 2944 875 2990 cerere
900 2945 1013 2999 sensu,
1038 2925 1095 2987 sed
1110 2924 1278 2986 carendum
1301 2944 1384 2987 esse.
1428 2925 1487 2989 Μ.

153 3014 359 3080 Auctoribus
378 3015 503 3099 qttidem
523 3017 563 3080 nd
576 3016 668 3080 istem
686 3016 884 3095 sententiam,
909 3039 1001 3104 quam
1018 3017 1066 3081 vis
1082 3015 1220 3081 obtineri
1229 3015 1266 3093 ¹⁷,
1289 3015 1339 3079 uti
1360 3013 1487 3098 optimis

153 3129 343 3191 possumus3
366 3112 455 3193 quod
478 3107 511 3174 in
525 3109 673 3174 omnibus
697 3112 799 3176 eatinis
816 3124 848 3176 et
862 3114 956 3176 debet
971 3124 1003 3177 et
1020 3115 1104 3176 solet
1119 3110 1226 3174 valere
1241 3107 1432 3192 plurimum:
1448 3120 1489 3188 ,et

152 3201 292 3285 primum
318 3203 460 3286 quidem,
486 3203 572 3269 omni
594 3204 797 3290 antiquitate3
831 3227 913 3293 qnae
932 3230 998 3294 quo
1013 3206 1147 3290 propius
1168 3207 1279 3269 aberat
1295 3204 1335 3266 ab
1359 3214 1433 3267 ortu
1456 3214 1488 3269 et

154 3294 261 3359 divina
285 3298 464 3383 progenie,
487 3299 586 3363 hoc¹⁸
616 3298 726 3362 melius
748 3320 784 3364 ea
808 3300 966 3375 fortasse,
992 3322 1071 3386 quae
1091 3311 1296 3372 montrera,
1321 3299 1487 3366 cernebat.

154 3390 209 3456 27.
233 3385 355 3476 Itaque·
368 3413 461 3455 untun
477 3391 554 3456 illud
573 3403 648 3459 erat
657 3392 782 3457 insitum
798 3393 913 3475 priscis
928 3393 1010 3471 illis,
1036 3415 1118 3477 quos
1133 3415 1250 3457 eoscos
1265 3391 1403 3475 appellnt
1418 3393 1489 3454 En-

154 3485 243 3559 nius,
268 3508 339 3550 esse
360 3485 392 3549 io
420 3498 522 3554 morte
548 3508 692 3564 sensum,
717 3508 820 3573 neque
835 3508 968 3552 excessu
983 3489 1067 3552 ritae
1078 3488 1104 3529 ¹⁹
1123 3487 1169 3552 sic
1190 3486 1288 3551 deleri
1307 3484 1485 3561 hominem,

154 3590 190 3641 ut
206 3579 351 3643 funditus
367 3579 533 3644 interiret:
557 3582 649 3663 idque
675 3601 771 3665 quum
781 3582 809 3621 ²⁰
831 3582 937 3647 multis
960 3581 1027 3646 aliis
1050 3584 1166 3656 rebus,
1190 3593 1293 3644 tume
1319 3578 1484 3663 pontificio

137 3670 224 3762 *iure
243 3685 275 3737 et
298 3672 533 3737 caerimoniistt
553 3667 773 3757 sepulcrorum
796 3673 934 3760 intelligi
955 3677 1050 3751 licet3
1084 3696 1164 3759 quas
1189 3673 1333 3737 maximis
1351 3670 1487 3757 ingeniis

154 3764 293 3845 praediti
306 3787 365 3829 nec
382 3778 468 3832 tanta
491 3788 568 3832 cura
585 3769 776 3845 coluissent,
800 3791 859 3833 nec
880 3770 1017 3835 violatas
1039 3783 1104 3833 tam
1127 3768 1313 3854 inexpiabili
1330 3766 1494 3852 religione

155 3858 350 3936 sanxissent,
382 3860 442 3925 nisi
462 3862 646 3926 haereret²²
674 3861 707 3925 in
735 3864 1046 3942 eorummentibus,
1085 3869 1220 3928 mortem
1239 3884 1304 3927 non
1324 3860 1489 3925 interitum

229 4079 268 4146 (¹)
287 4108 326 4123 ·-
346 4090 398 4131 aer
411 4080 515 4138 ABSE.
553 4077 592 4155 (2)
604 4108 643 4123 -
655 4089 699 4132 est
699 4080 853 4152 fortasse,
870 4081 1053 4154 dissipabitur
1066 4080 1238 4155 distinguunt
1257 4078 1347 4135 Bentl.
1359 4094 1387 4132 et
1397 4061 1488 4134 Boub'.

155 4151 256 4207 ABsE.
302 4153 398 4230 (1)-
422 4160 448 4205 si
478 4163 541 4220 est,
575 4163 608 4207 ut
632 4158 670 4209 A.
698 4156 749 4210 cd.
775 4157 838 4211 Urs.
864 4186 903 4199 -
927 4163 954 4208 si
978 4165 1036 4222 est,
1064 4166 1095 4207 ut
1117 4157 1213 4228 placet
1232 4158 1400 4206 Aristoxeni
1420 4159 1510 4221 (sic)·

155 4227 257 4282 Aust..
269 4239 315 4273 '-··
332 4235 360 4281 si
369 4270 379 4297 ‚
398 4239 430 4282 ut
449 4232 624 4284 Aristoxeno
642 4237 733 4283 vistim
753 4238 796 4282 est
814 4229 866 4285 Cd.
885 4231 964 4286 Leid.
985 4234 1054 4287 Mox
1073 4231 1162 4286 Bentl.
1176 4228 1301 4284 volebat:
1319 4259 1358 4272 ·-
1375 4230 1492 4301 nequid

154 4301 188 4353 de
207 4303 272 4359 Dis.
323 4304 361 4381 (t)
380 4334 420 4348 -
437 4304 507 4358 dicit
524 4307 556 4359 L.
594 4305 632 4382 (⁵)
651 4336 691 4349 -
708 4305 781 4358 nilril
797 4325 875 4360 mors
890 4327 921 4378 p.
942 4310 972 4362 L.
1020 4305 1057 4382 (ὅ)
1076 4328 1114 4362 =
1132 4309 1183 4360 hoc
1194 4303 1283 4377 sorte
1302 4306 1354 4359 SE.
1393 4304 1489 4373 (7)-

105 4401 108 4406 ·
154 4392 209 4433 ttm.
233 4381 319 4433 velim
344 4382 408 4437 Ml..
428 4380 499 4436 Lali.
549 4376 588 4454 (³)
609 4382 655 4436 Sic
674 4383 707 4436 R.
726 4385 765 4437 D.
784 4401 821 4435 =
839 4391 936 4434 tamen
951 4401 1028 4455 pers.
1048 4383 1151 4437 Ceteri.
1204 4381 1241 4451 (9)
1266 4404 1304 4440 =
1322 4382 1373 4433 illa
1398 4385 1489 4434 omnis

154 4451 214 4507 VD·
252 4453 303 4530 (¹⁰)
328 4486 364 4498 -
395 4456 469 4528 quod
486 4460 513 4508 si
530 4458 563 4511 R.
583 4457 656 4510 Hinc
676 4456 822 4511 D.-Do
840 4476 931 4509 vero.-
950 4458 1041 4531 prend,
1061 4463 1087 4510 si
1105 4477 1141 4513 m.
1155 4489 1172 4501 -
1188 4457 1487 4517 -coneedo‚·s1'nint.

154 4543 207 4583 oet.
218 4527 270 4604 (¹¹)
281 4531 326 4585 Sic
340 4533 371 4585 tt.
385 4531 451 4586 Alii.
465 4531 544 4590 SED.
555 4560 593 4578 -
608 4537 635 4583 si
648 4532 750 4590 Ceteri.
770 4533 820 4600 (¹²)
834 4561 872 4575 -
881 4541 947 4584 sunt
959 4534 1062 4587 ABSE.
1083 4529 1134 4604 (ἵε.)
1147 4533 1195 4586 Sic
1205 4532 1399 4589 ABSECLW.
1413 4529 1439 4587 2.
1453 4555 1488 4571 -
1575 4584 1577 4592 ,

73 4631 77 4637 ·
153 4607 210 4656 iam
228 4604 255 4659 b.
276 4607 392 4661 Pvmo.
414 4616 440 4665 1.
467 4609 625 4662 Morietur
643 4606 712 4660 ΕΜ.
733 4622 796 4659 ente
815 4606 869 4666 W.
889 4608 979 4675 (istud
996 4605 1078 4662 habet
1098 4607 1139 4683 b.)
1177 4607 1228 4683 (¹¹)
1247 4635 1286 4650 —-
1304 4604 1399 4679 efficit
1417 4604 1488 4660 Bell.

152 4678 207 4748 (¹⁵)
233 4700 272 4740 π
299 4686 325 4732 si
348 4691 446 4754 potes,
465 4687 587 4734 ‘animos
619 4683 724 4740 CVLD.
764 4678 815 4756 (¹⁵)
839 4703 879 4738 =
907 4689 979 4735 istuc
998 4684 1138 4737 CVMLD.
1159 4694 1185 4741 1.
1237 4681 1288 4750 (¹⁷)
1306 4703 1347 4722 -ὀ
1363 4683 1487 4735 obtinere

153 4754 328 4820 PABSEQV.
364 4758 415 4825 (¹⁸)
434 4785 473 4799 ·-
491 4775 523 4808 so
543 4757 668 4811 ABSEC.
717 4755 825 4829 (19)-
844 4776 960 4810 excessu
978 4777 992 4809 e
1010 4765 1075 4810 vita
1094 4761 1126 4812 L.
1146 4757 1176 4815 Ε.
1215 4753 1266 4831 (²⁰)
1285 4788 1324 4800 ·-
1341 4765 1400 4809 tum
1420 4756 1487 4811 Scit.

155 4831 182 4882 2.
200 4855 238 4874 -
261 4849 343 4902 prtum
368 4852 382 4884 s
408 4833 504 4885 multis
529 4831 561 4885 L.
612 4829 663 4905 (2¹)
690 4848 729 4885 oo
747 4841 775 4884 et
801 4851 994 4886 recemum
1016 4833 1085 4888 edd.
1106 4833 1141 4888 D.
1188 4829 1240 4906 (²²)
1260 4834 1315 4888 Sto·
1330 4832 1409 4891 lib.
1430 4830 1486 4886 Alit
1528 4846 1531 4854 '

156 4900 224 4961 edd.
243 4907 302 4976 (P.)
320 4907 400 4965 DW.
420 4914 447 4966 2.
466 4934 505 4952 -
522 4904 658 4961 hesum
680 4907 796 4976 Ceteri,
814 4908 894 4982 prob.
915 4910 1026 4963 Rtthio.
1386 4935 1401 4984 χ
