3384 5359
626 320 785 387 mcv.
830 324 1021 390 caum
1138 366 1146 383 .
1290 404 1296 421 „
1423 316 1484 395 153

156 474 233 527 tute
256 481 441 545 oppressam
463 460 565 525 tenuit
581 462 758 529 civitatem!
782 466 903 552 Atqui¹
926 467 1051 537 deboc
1075 467 1201 533 homine
1223 471 1350 534 abonis
1372 478 1490 536 ancto-'

157 557 255 621 ribus
278 557 323 621 sic
352 557 502 639 scriptum
525 558 721 639 accepimus,
752 580 903 623 summam
928 559 1027 622 iuuisse
1049 560 1114 622 eius
1132 564 1169 625 in
1192 563 1277 627 victu
1303 575 1483 659 temperan-

156 652 259 726 tiam,
283 652 313 713 in
335 652 515 735 rebusque²
537 652 683 734 gerendis
704 651 804 721 uirum
824 674 928 715 acrem
952 665 984 715 ct
1006 653 1209 732 industrium,
1233 660 1364 749 eundem
1379 671 1482 723 tamen
1584 681 1589 689 ·

159 744 341 807 maleficum
360 755 472 809 natura
491 757 523 809 et
538 746 696 810 iniustum.
742 749 795 810 Ex
814 768 879 832 quo
903 747 1049 812 onmibus
1071 750 1150 810 bone
1174 750 1335 813 veritatem
1357 754 1482 816 intereu-

158 838 253 901 tibus
285 839 386 902 videri
406 861 534 902 necesse
559 853 607 904 est
630 841 850 907 miserrimum.
895 842 942 904 Ea
972 841 1053 904 enim
1084 841 1171 923 ipsa,
1203 865 1283 927 quae
1312 848 1482 930 concupie-

138 944 236 1008 ·rat‚
270 955 309 995 ne
331 946 397 996 tum
420 934 564 1017 quidem,
600 958 695 1020 quum
719 935 823 1000 omnia
847 956 883 998 se
904 956 998 1017 posse
1022 936 1191 1012 censebat,
1215 944 1480 1023 consequebatur.

160 1028 219 1092 58.
243 1026 307 1107 Qui
324 1049 419 1112 qtttrm
442 1040 525 1090 esset
548 1031 639 1092 bonis
659 1030 844 1112 parentibus
867 1014 961 1113 alque
984 1030 1120 1092 honesto
1141 1031 1217 1094 loco
1233 1045 1334 1110 natus,
1359 1035 1431 1113 (etsi
1450 1036 1483 1099 id
1583 1076 1587 1093 .

158 1118 291 1203 quidem
306 1120 384 1183 alius
401 1122 462 1185 alio
476 1125 572 1188 modo
588 1124 763 1205 tradidit³‚)
776 1126 1013 1208 abundaretquc
1030 1118 1081 1184 „a
1097 1125 1272 1208 aequalium
1287 1127 1483 1192 familiarita-

158 1213 267 1286 tibus,
300 1224 332 1275 et
353 1215 579 1280 consuetudine
602 1219 875 1302 propinquorum;
906 1217 1037 1279 baberet
1060 1218 1170 1295 etiam,
1195 1240 1284 1283 more
1305 1222 1482 1298 Graeciae,

158 1309 319 1390 quosdam
342 1309 557 1372 adolescentes
580 1332 689 1374 eruore
712 1311 924 1374 coniunctos:
945 1310 1116 1372 credebat⁵
1138 1331 1248 1374 eorum
1272 1312 1403 1389 nemini;
1427 1317 1483 1379 sed

157 1402 243 1475 iisi,
267 1422 348 1484 qaros
370 1421 410 1464 ex
430 1402 558 1466 familiis
580 1404 796 1487 locupletum²
819 1423 932 1466 servos
948 1401 1127 1486 delegerat,
1154 1406 1270 1489 quibus
1286 1427 1398 1470 nornen
1414 1427 1482 1469 ser-

158 1493 347 1574 vitutisipse
361 1497 557 1571 detraxerat,
579 1509 616 1577 et
626 1495 977 1583 quibusdamcouveuis
998 1508 1029 1558 et
1049 1496 1152 1585 scria?
1168 1502 1205 1561 ba
1229 1499 1314 1561 baris
1333 1499 1481 1581 corporis
1527 1532 1536 1543 x

158 1588 576 1654 custodiam'committebat.
601 1594 650 1655 lta
667 1602 804 1674 propter
814 1590 956 1653 iniustam
970 1590 1146 1654 dominatus
1159 1520 1358 1673 cupiditatem
1370 1593 1480 1656 incar·

155 1702 265 1745 cerem
287 1675 421 1773 quodam
444 1686 538 1749 ruodo
560 1685 628 1767 ipse
650 1707 683 1748 se
704 1684 889 1748 incluserat.
923 1764 928 1775 .
948 1683 1031 1766 Quin
1055 1684 1166 1760 etiam,
1201 1708 1239 1747 ue
1261 1686 1387 1750 tonsori
1409 1685 1480 1749 col·

155 1778 224 1840 inm
248 1775 475 1853 committeret,
507 1782 641 1843 tondere
663 1779 744 1842 filias
766 1800 839 1841 siras
862 1776 984 1841 docuit.
1028 1778 1078 1841 Ita
1096 1777 1233 1842 sordido
1254 1779 1482 1864 ancillarique⁹

159 1869 335 1932 artificio¹⁰
355 1870 462 1955 regiae
483 1872 642 1957 virgines,
670 1885 705 1937 nt
727 1873 953 1947 tonstriculae,
977 1874 1150 1937 tondebant
1174 1862 1304 1947 barbani
1326 1886 1356 1937 et
1378 1873 1497 1955 capil·.
1537 1882 1544 1893 '

77 1982 86 2005 ⁸
144 1961 223 2026 -lum
246 1962 357 2043 patris.
403 1966 445 2025 Et
467 1975 567 2026 tamen
591 1968 630 2028 ab
652 1967 734 2029 his¹¹
757 1965 853 2049 ipsis,
877 1988 973 2050 quum
996 1964 1332 2042 iamesscntadultae,
1357 1967 1477 2030 serrum

155 2055 315 2130 removit,
345 2054 558 2138 instituitque,
594 2070 627 2122 ut
649 2060 853 2122 candentibus
885 2058 1079 2141 iuglandium
1110 2059 1325 2140 putaminibus
1347 2062 1478 2124 barbam
1588 2088 1595 2105 .

156 2149 221 2212 sibi
244 2160 275 2210 et
296 2150 443 2230 capillum
466 2152 646 2214 adimerent.
703 2154 756 2216 59.
781 2154 950 2238 Ostiamque
972 2154 1050 2213 duas
1073 2150 1362 2228 nexores⁴⁸haberet,
1397 2148 1477 2217 Art.
1551 2148 1554 2155 '

158 2242 363 2317 stomacher,
387 2243 489 2306 civem
517 2266 621 2321 straus,
646 2246 800 2309 Doridem
821 2256 923 2307 antem
943 2246 1159 2309 Locrensem:
1181 2247 1227 2307 ‘sic
1247 2257 1341 2308 noctu
1363 2248 1402 2309 ad
1425 2266 1477 2308 eas

156 2333 351 2410 ventitabat,
389 2347 424 2398 ut
451 2337 554 2402 omnia
584 2340 802 2419 specularetur
822 2344 869 2400 'et
896 2350 1155 2419 perscrutaretur
1168 2349 1262 2427 lapte.
1314 2340 1358 2401 Et
1380 2360 1476 2423 quum

161 2427 282 2491 {ossam
304 2429 400 2491 latam
429 2430 602 2494 cubiculari
629 2431 748 2496 lecto¹²
770 2431 1043 2507 circumdedisset,
1083 2431 1219 2516 eiusque
1235 2432 1340 2495 lossae
1362 2432 1478 2493 trausi-

157 2533 225 2583 tum
247 2522 412 2604 ponticulo
435 2525 539 2609 ligneo
558 2525 790 2589 coniunxisset:
815 2547 885 2588 eum
907 2525 1029 2605 ipsum,
1061 2546 1156 2609 quum
1179 2526 1284 2588 sorem
1294 2518 1319 2565 11
1341 2524 1477 2587 cumiculi

159 2616 336 2691 clauserat,
361 2620 582 2702 detorquebat.
634 2621 785 2702 Idemque
807 2640 902 2704 quum
926 2618 957 2679 in
979 2619 1195 2681 communibus
1217 2618 1376 2701 suggestis
1399 2638 1477 2680 eou-

159 2708 273 2771 sistere
300 2732 364 2773 non
394 2713 542 2788 auderet,
577 2712 761 2777 concionari
790 2733 831 2774 ex
860 2710 941 2773 turri
963 2711 1023 2773 alta
1047 2712 1184 2775 solebat.
1243 2714 1296 2775 60.
1322 2716 1428 2797 Atque
1451 2712 1477 2776 is

158 2824 257 2887 qsaum
278 2803 341 2884 pila
363 2804 469 2867 ludere
487 2807 602 2882 vellet,
627 2805 782 2886 (studiose
797 2802 877 2865 enim
893 2804 926 2866 id
940 2804 1101 2866 factitabat
1112 2808 1137 2882 ‚)
1160 2802 1358 2890 truncamque
1376 2826 1476 2887 pone·

159 2904 230 2967 rct3
254 2896 509 2973 adolescentulo,
534 2900 784 2984 quemamabat‚
809 2897 974 2960 tradidisse
993 2897 1129 2979 gladium
1147 2897 1271 2959 dicitur.
1304 2898 1365 2959 llic
1379 2919 1475 2982 quum

159 2987 286 3070 quidam
316 2989 475 3053 familiaris
485 2994 511 3033 11
543 2993 649 3056 iocans
671 2991 820 3054 dixisset:
856 2990 936 3055 darie
966 2991 1103 3075 quidem
1131 3002 1221 3054 certe
1245 2991 1348 3053 vitam
1379 3000 1476 3052 tuam

158 3082 362 3156 committis,
386 3083 604 3170 arrisissetque
626 3087 828 3159 adolescens,
854 3097 1020 3169 utrumque
1042 3082 1131 3146 iussit
1152 3081 1305 3146 interficit
1329 3083 1475 3159 alterum,

160 3172 234 3255 qnia
257 3173 339 3236 viam
362 3178 640 3245 ‹lemnustravisset
667 3176 864 3241 interimendi
897 3178 963 3251 sui;
992 3177 1143 3251 alterum,
1175 3176 1247 3261 quia
1270 3177 1384 3240 dictum
1407 3177 1440 3239 id
1452 3176 1475 3218 11

160 3264 226 3328 risu
249 3270 507 3347 approbavisset.
550 3272 659 3355 Atque
681 3292 721 3335 eo
741 3271 829 3334 lacto
849 3270 894 3334 sic
916 3269 1035 3346 doluit,
1060 3269 1138 3332 nihil
1161 3278 1194 3332 ut
1217 3269 1322 3332 tulerit
1345 3269 1474 3353 gravius

158 3358 190 3422 in
215 3358 338 3424 visati:
376 3384 467 3446 quom
489 3363 570 3427 enim
592 3367 795 3443 vehementer
808 3375 929 3428 amarat
938 3365 974 3442 ¹⁷,
999 3365 1172 3428 occiderat.
1219 3363 1273 3427 Sic
1295 3362 1473 3426 distrahun-

156 3523 1474 3564 maan-...u-

233 3663 270 3727 (1)
288 3692 327 3707 -
347 3665 437 3734 Atque
456 3663 527 3718 021.
548 3663 577 3718 Β.
621 3664 659 3737 (²)
678 3695 714 3709 -·
731 3683 843 3734 ercmqroe
862 3669 893 3717 in
912 3664 992 3715 rebar
1010 3663 1043 3718 L.
1064 3662 1165 3731 solus.⁸
1194 3662 1232 3735 (³)
1252 3661 1384 3717 Siccam
1403 3660 1476 3720 edd.

147 3736 194 3789 Ν.
220 3736 312 3792 Gebb.
337 3739 419 3810 Seqq.
444 3768 484 3781 -
508 3740 601 3791 tradit
627 3745 699 3796 021.
723 3738 928 3795 rabsacen..
977 3738 1143 3812 (sq-det.
1163 3747 1273 3790 etcum
1296 3737 1361 3791 (tad.
1381 3738 1473 3793 Gebb.

156 3809 223 3862 Era.
250 3821 275 3866 t.
302 3812 365 3866 soli.
394 3819 445 3881 (a
470 3821 496 3865 ei
523 3830 573 3890 pro
592 3822 624 3866 et
642 3815 686 3890 a.)
735 3813 772 3889 (⁵)
792 3813 840 3867 Sic
860 3815 891 3867 ll.
911 3812 939 3865 b.
958 3831 1023 3867 cnm
1043 3811 1111 3868 edd.
1136 3813 1248 3886 plerisq.
1268 3811 1470 3867 ABSVMLDb.
1502 3868 1509 3889 Χ

158 3884 226 3938 Lall.
255 3887 306 3942 W.
334 3887 412 3959 prob.
439 3889 546 3943 Ochen.
566 3890 664 3959 Eclog.
685 3894 795 3964 p.502.
816 3888 999 3942 -credebat
1026 3906 1055 3939 se
1076 3886 1239 3941 caelica.
1260 3888 1381 3951 Davisii,
1403 3903 1471 3940 teste

158 3959 269 4025 Βιαιι,
289 3965 349 4032 (qui
378 3962 432 4015 hoc
459 3963 608 4036 probabat)
646 3980 762 4039 negante
780 3963 894 4018 Dacisio
913 3968 984 4036 ipso.
1004 3963 1127 4019 rectia.
1148 3970 1173 4019 1.
1194 3967 1220 4015 2.
1271 3961 1307 4035 (1)
1328 3989 1365 4005 -
1383 3960 1426 4012 lais
1443 3962 1471 4017 b.
1580 3956 1585 3963 “

158 4035 286 4089 PABCD.
309 4048 334 4092 1.
384 4037 424 4109 (⁷)
449 4056 488 4091 =
513 4040 688 4110 lnutpletium
714 4042 745 4095 lt.
771 4038 832 4092 Lo.
858 4040 942 4091 Mox:
961 4069 998 4080 -
1017 4052 1117 4090 remos
1139 4037 1222 4110 gloss.
1242 4036 1386 4089 uidebatur
1405 4037 1471 4091 Erat

157 4108 206 4162 Est
235 4115 327 4183 potius
354 4106 507 4188 ipquuca,
538 4131 568 4168 nt
594 4130 706 4187 apparet
726 4134 741 4168 e
760 4132 817 4185 seq.
843 4133 868 4166 v.
887 4120 1044 4167 servitutis.
1095 4110 1132 4187 (8)
1151 4110 1272 4181 -scre
1292 4112 1321 4163 L.
1343 4108 1372 4166 Ε.
1393 4111 1471 4164 Fahr.

157 4183 194 4260 (⁹)
214 4191 310 4237 -ita
335 4187 501 4258 sordidoque
526 4190 658 4241 ancillari
686 4191 717 4243 R.
745 4217 783 4233 -
810 4195 904 4259 itaque
934 4187 1009 4263 (cnm
1037 4188 1123 4253 Oia.)
1149 4188 1280 4239 ancillari
1306 4184 1473 4260 sordidoque.

157 4259 300 4316 Pansae.
321 4262 365 4328 (V.
387 4261 484 4335 seqq,
502 4280 532 4317 nt
550 4280 611 4318 noa.
624 4295 662 4308 -
674 4265 769 4335 iraque
788 4265 919 4315 ancillari
936 4262 1022 4335 ariis.
1041 4264 1143 4317 Nescio
1162 4268 1241 4315 cuins
1260 4266 1347 4333 susp.)
1366 4258 1415 4331 (¹⁰)
1433 4288 1481 4312 -.

156 4332 258 4406 afficio
277 4336 349 4393 0¹1.
371 4338 427 4391 Alii
448 4343 538 4411 pauet.
558 4340 638 4412 prob.
657 4339 747 4393 Bentl.
767 4336 882 4412 Recepit
900 4340 935 4393 D.
986 4337 1037 4412 (¹¹)
1056 4340 1103 4391 Sta
1122 4340 1205 4390 etlam
1229 4340 1258 4389 u.
1278 4352 1316 4389 so
1334 4341 1370 4386 iis
1389 4337 1471 4388 Pau-
1491 4388 1494 4394 ,

157 4409 267 4464 CVML.
286 4411 356 4466 Lall.
376 4411 427 4487 (¹2)
445 4438 482 4456 -·
501 4421 574 4465 tecto
592 4413 701 4469 colebat
721 4416 915 4468 Gasacrua-
926 4411 1017 4484 fossa
1035 4414 1098 4466 lata
1116 4411 1284 4465 cubiculares
1303 4411 1388 4465 lectos
1407 4409 1470 4475 SE„

156 4499 223 4554 qnae
242 4483 327 4540 lectio
347 4490 482 4559 originem
502 4487 583 4543 debet
601 4488 773 4563 corruptelae
794 4489 824 4542 li.
853 4488 939 4544 le.:
964 4516 1003 4531 -
1024 4507 1084 4540 caua
1101 4485 1193 4557 forsa
1218 4486 1279 4538 lain
1304 4482 1347 4557 (lu
1372 4482 1470 4556 quibus

155 4559 233 4613 litera
254 4560 343 4615 linalis
363 4582 389 4613 m
403 4581 419 4614 e
439 4570 673 4635 pronuntiationis
694 4564 777 4617 modo
792 4563 857 4617 elisa
878 4565 947 4633 esu)
962 4564 1126 4615 cerbicrrlaris
1145 4565 1224 4614 lecta
1252 4560 1301 4635 (¹³)
1322 4577 1385 4613 cnm
1400 4559 1468 4612 Cdd.

158 4634 219 4706 aliq.
240 4636 331 4693 Gebb.
352 4636 433 4709 Seqq.
454 4638 545 4705 (Nihil
565 4655 676 4694 notatur
694 4657 709 4692 e
729 4638 1178 4709 R.)=soresPat,tSEcvu1L.
1215 4634 1266 4708 (11)
1285 4633 1470 4705 nfantia·

157 4716 214 4763 rim
233 4712 294 4765 rnC.
315 4710 346 4763 V.
366 4713 431 4765 soli.
470 4713 521 4787 (¹⁵)
541 4717 586 4769 Sic
607 4713 844 4771 astitissent..
866 4716 901 4767 D.
922 4722 947 4773 1.
967 4712 1020 4768 W·
1041 4720 1068 4768 2.
1086 4732 1124 4766 =
1142 4713 1174 4763 id
1190 4712 1292 4762 dicium
1313 4708 1469 4763 PABCML·

159 4783 227 4839 Lall.
264 4785 315 4860 (111)
336 4786 385 4840 Sic
404 4790 435 4842 li.
454 4787 482 4843 b.
503 4791 534 4843 V.
554 4791 633 4850 DW.
655 4797 680 4847 2.
699 4811 737 4850 τ.
754 4799 786 4842 ur
804 4788 877 4842 aidi!
892 4806 939 4858 gr.
959 4790 1009 4841 tul.
1031 4787 1233 4843 Pansecnl..
1252 4785 1341 4840 Gebb.
1360 4782 1428 4837 Lall.
1444 4790 1469 4841 1.

159 4859 262 4926 (11)-
278 4870 390 4914 amaret
409 4863 480 4919 011.
502 4866 542 4923 bt.
581 4894 584 4907 ·

213 4972 280 5015 cicer,
297 4974 384 5023 'famul
604 4993 612 5006 ·
1098 4948 1135 5013 11
1164 4977 1170 4988 ·
