3384 5359
1519 339 1541 406 5

119 515 125 529 Ι
199 454 284 511 faites
308 471 358 531 par
386 474 439 510 une
465 459 543 510 matu
571 453 704 516 moderor
728 454 742 510 al
770 454 901 528 quelques
929 454 1054 512 endrotss
1080 471 1254 531 corrompus.
1292 454 1318 509 11
1339 456 1403 511 n’cn
1423 471 1466 510 sss
1485 472 1536 530 pas
1645 477 1647 480 ’

199 536 275 586 ainsl
304 534 351 586 des
369 531 493 587 endrolts
512 534 550 586 od
569 534 634 588 c'est
654 531 680 585 le
697 531 864 606 calligrapbe
883 534 931 606 qui
951 537 1015 587 s'est
1034 531 1161 606 corrigi,
1189 549 1221 584 cs
1239 549 1292 605 qne
1311 531 1370 585 l'on
1391 534 1538 610 reconnslt

199 608 361 662 herlemont
387 607 404 661 d
428 607 455 660 la
479 608 593 662 couleur
621 605 655 661 de
679 607 782 662 l’encrs
808 622 836 672 et
864 606 880 661 l
906 607 933 660 la
952 605 1043 661 forme
1062 605 1110 662 ‹les
1130 607 1289 662 caracteres.
1339 607 1407 664 Alor
1449 607 1469 660 il
1495 596 1538 664 esi

201 684 303 740 inutlle
323 682 358 738 ds
378 688 562 752 mentionuer
575 682 623 738 des
642 684 737 755 lupatis
755 684 859 736 calami
879 683 947 756 qn'll
967 699 982 736 a
1001 681 1139 738 redresse's
1159 682 1314 737 lui-meme.
1483 727 1510 749 ,‚

244 827 247 834 ¹
278 760 329 814 J'ai
339 776 453 813 encore
479 757 494 812 d
524 775 589 813 vous
615 758 740 834 rappeler
762 776 815 832 que
843 758 882 813 les
908 778 937 810 ns
961 757 1029 813 dans
1052 758 1078 812 ls
1098 761 1154 813 Ma.
1175 757 1254 813 etant
1273 776 1339 814 som
1408 755 1536 831 indique's

201 851 326 911 paruus
354 839 442 908 petite
467 832 660 908 beneplacet
679 852 726 888 mr
742 833 770 888 la
788 835 871 892 lettre
889 832 1070 908 precidenre,
1101 851 1211 888 comme
1234 839 1373 907 sapientia
1392 850 1463 904 pour
1483 852 1538 888 sa-

197 916 355 985 pientiam,
386 910 408 964 il
425 927 444 983 y
462 926 478 963 ι
497 908 545 965 des
564 908 682 964 vertitis
700 909 735 963 de
754 907 858 966 liotore
878 915 924 983 qul
945 929 980 964 ue
999 914 1181 984 provlennent
1200 928 1253 983 qus
1272 909 1307 965 de
1325 907 1424 963 l'oublt
1445 906 1479 963 de
1504 928 1536 964 cs

204 991 294 1060 signe.

289 1135 376 1200 Huic
410 1146 511 1200 autem
553 1133 683 1201 editioni
717 1137 899 1200 scholarum
942 1135 1077 1200 maxime
1109 1134 1180 1198 usui
1216 1133 1389 1199 destinatae
1431 1133 1535 1224 addidi

203 1219 370 1288 Francisei
398 1218 540 1288 Fabricii
568 1220 800 1286 Marcodurani
824 1222 1093 1299 Adnotutiones,
1128 1219 1253 1284 omissis
1275 1223 1439 1283 dumtaxat
1460 1221 1534 1284 lou·

206 1305 352 1391 gioiibus
381 1305 504 1391 aliquot
535 1306 616 1369 locis
648 1305 812 1384 Platonis,
849 1328 889 1368 cn
918 1306 1077 1369 rarissima
1100 1305 1238 1369 editione
1260 1302 1536 1390 Dusseldprpiana

205 1401 354 1455 accurate
385 1390 549 1473 repetitas.
591 1388 783 1455 ,Continent
811 1390 882 1453 sere
910 1391 1013 1456 omnia
1043 1412 1098 1468 ea,
1132 1411 1213 1474 quae
1234 1411 1336 1474 usque
1358 1392 1399 1454 ad
1420 1412 1535 1453 annrun

207 1476 291 1539 1568
312 1474 411 1538 critici
431 1473 463 1537 in
486 1474 677 1538 Tusculanis
700 1474 903 1538 emendandis
924 1475 1166 1558 praestiterant,
1192 1483 1262 1537 cum
1285 1474 1380 1538 novis
1402 1474 1535 1560 quibus·

206 1562 297 1637 dam,
334 1559 393 1622 etsi
419 1580 503 1622 nuuc
530 1582 549 1622 a
576 1559 710 1623 Davisio
742 1571 774 1623 et
803 1561 969 1626 Bouberio
1003 1560 1168 1623 maximam
1197 1570 1319 1641 partem
1351 1559 1533 1641 occupatis.

204 1646 262 1709 Ab
283 1644 449 1708 erroribus
476 1643 612 1720 criticis,
645 1644 677 1707 in
698 1665 780 1726 quos
807 1645 964 1708 interdum
985 1644 1095 1708 incidit
1115 1644 1166 1708 vir
1188 1647 1322 1719 doctus,
1357 1656 1389 1709 et
1411 1643 1532 1725 optime
1560 1665 1563 1672 ·

206 1732 246 1793 dc
277 1727 466 1794 scholastica
496 1727 659 1811 disciplina
688 1729 787 1793 seculi
815 1728 866 1793 sui
883 1727 1046 1807 meritus,
1083 1749 1124 1792 eo
1149 1728 1273 1805 saciliru
1295 1728 1357 1792 sibi
1378 1731 1538 1792 cavebunt

206 1813 299 1878 etiam
327 1813 553 1889 adolescentes,
585 1833 650 1898 quo
663 1813 850 1878 ,accuratius
873 1835 956 1877 nunc
978 1827 1027 1878 est
1055 1812 1247 1878 constitutus
1274 1812 1343 1896 ipse
1368 1824 1539 1878 contextus

205 1897 315 1980 operis
344 1896 495 1961 Tulliani.
549 1898 614 1961 Sed
631 1899 731 1983 louge
761 1898 906 1966 utiliores
936 1900 976 1961 ad
1003 1901 1176 1964 eorundem
1198 1898 1323 1983 ingenia
1353 1899 1536 1963 exacuenda

205 1994 300 2048 erunt
323 1993 359 2047 et
387 1981 525 2047 Bentleii
552 1983 838 2061 Emendationes,
878 1984 994 2068 quibus
1022 1982 1088 2047 suis
1114 1984 1177 2048 iam
1200 1981 1280 2048 locis
1301 1983 1440 2047 insertae
1461 1992 1535 2045 suut

131 2076 141 2102 l
206 2069 320 2134 mnae
340 2068 527 2145 secundae,
552 2079 583 2131 et
601 2066 810 2153 Hottingeri3
834 2068 1007 2133 venerandi
1028 2067 1090 2133 mei
1110 2066 1273 2153 magistri,
1296 2067 1533 2152 spicilegium,

205 2154 295 2238 qnod
325 2150 453 2218 illarum
481 2152 618 2216 virtutes
646 2152 846 2218 laudabiliter
873 2153 1062 2222 aemulatur.
1106 2152 1239 2217 Solebat
1261 2153 1301 2216 F.
1324 2155 1369 2219 A.
1392 2151 1536 2218 Wolbus

204 2236 295 2304 boris
315 2235 541 2319 pomeridianis
562 2234 767 2319 interpretari
788 2237 985 2302 auditoribus
1006 2239 1105 2302 hosce
1127 2235 1228 2301 libros
1240 2259 1249 2301 ε
1261 2243 1265 2247 ’
1279 2258 1417 2323 vquarum
1438 2257 1537 2320 prae·

205 2322 377 2387 lectionum
406 2322 528 2386 calamo
557 2341 574 2384 a
603 2321 713 2387 nescio
741 2343 806 2407 quo
836 2334 1041 2408 exceptarum
1072 2323 1236 2404 exemplar
1262 2343 1280 2385 a
1302 2322 1357 2387 Io.
1382 2320 1536 2387 Conrado

206 2405 332 2470 Orellio
360 2404 552 2490 descriptum
581 2418 657 2489 post
688 2405 785 2470 huins'
809 2419 1046 2488 praematurum
1076 2405 1197 2472 obitum
1227 2408 1267 2469 ad
1295 2428 1344 2470 me
1374 2405 1537 2489 pervenit.

204 2489 244 2557 ln
264 2488 428 2572 pluribus,
462 2491 543 2574 quae
574 2490 693 2573 publici
714 2490 791 2554 iuris
812 2492 919 2572 lacere
941 2512 1077 2573 prorsus
1099 2490 1178 2554 nibil
1200 2489 1371 2567 attinebat,
1407 2490 1536 2554 inerant

204 2595 227 2639 o
250 2573 324 2637 tima
345 2576 498 2657 quaedam
520 2585 552 2638 et
565 2574 743 2659 ingeniosa.
773 2578 881 2640 ¹Haec
896 2575 1006 2658 igitur,
1030 2574 1245 2650 correctione,
1268 2574 1325 2638 ubi
1346 2595 1428 2658 opus
1450 2579 1533 2649 erat,

204 2595 361 2735 adbibita,
384 2653 496 2721 sedillo
511 2659 676 2742 excerpsi;
696 2659 732 2724 id
752 2672 856 2724 tamen
872 2657 1026 2722 monitum
1043 2668 1074 2721 te
1089 2658 1203 2734 velina,
1227 2667 1263 2719 ut
1277 2677 1426 2735 errores,
1452 2678 1535 2744 quos

203 2743 341 2810 fortasse
354 2741 386 2805 iu
402 2740 532 2805 scholiis
553 2740 622 2804 istis
641 2741 805 2817 offendes,
829 2753 920 2807 tanto
943 2742 1016 2805 viro
1037 2763 1077 2806 ue
1090 2741 1232 2817 tribuas;
1254 2741 1324 2823 ipse
1339 2741 1440 2821 enim,
1464 2745 1492 2807 si
1506 2740 1536 2806 ei

202 2827 375 2913 placuisset
395 2827 654 2890 commentarium
679 2826 712 2889 in
737 2827 935 2890 'l'usculanas
957 2826 1145 2901 elaborare,
1172 2846 1190 2888 a
1212 2826 1327 2891 talibus
1349 2827 1416 2892 sine
1437 2825 1535 2892 dubio

205 2911 268 2976 sibi
288 2910 435 2974 cavisset.
474 2909 528 2973 Sic
550 2930 629 2975 vero
652 2909 748 2973 animi
767 2912 875 2993 potius
897 2932 1013 2988 eausa,
1036 2932 1103 2997 quo
1125 2911 1297 2975 delectaret
1319 2922 1351 2975 et
1367 2911 1534 2982 ,auditores

205 2994 493 3077 etsemetipsum,
516 3015 597 3091 quae
619 2994 772 3060 memoria
794 3008 889 3081 atque
910 2997 1067 3078 inspectio
1087 2994 1330 3061 Davisiauarum
1352 2994 1533 3062 adnotatio·

203 3102 279 3146 num
293 3101 335 3143 ex
348 3090 497 3161 tempore
511 3080 571 3144 ubi
586 3083 797 3165 suggerebat,
822 3082 985 3145 effrmdcre
1006 3081 1143 3161 solebat,
1167 3101 1261 3165 quam
1275 3094 1423 3146 accurata
1438 3101 1534 3167 prae·

203 3164 373 3252 paratione
394 3184 470 3228 usus
493 3183 643 3227 enarrare
666 3165 831 3229 Tullianae
853 3165 1096 3249 disputationes.

288 3288 395 3352 Notae
417 3295 540 3361 autem,
564 3284 678 3371 quibus
699 3307 775 3350 usus
796 3309 884 3365 sum,
906 3290 967 3353 bae
988 3298 1083 3353 sunt:

202 3393 228 3462 †
277 3389 390 3443 ¹Luem
409 3404 564 3462 corruptus.

203 3471 222 3504 *
301 3465 467 3520 Coniectura
486 3478 502 3515 ι
521 3480 567 3519 nra
585 3479 703 3539 recepte.
1330 3511 1337 3520 .

203 3557 242 3600 ec
301 3539 626 3635 “⁰²³⁰.¹²!‘¹¹²⁰f⁸.¹'i¹¹⁸’
651 3555 776 3614 receptae
795 3538 913 3597 fortasse
930 3539 1123 3617 praeferenda,
1151 3541 1269 3617 probata
1288 3531 1385 3597 salte'm
1405 3557 1420 3594 a
1439 3544 1535 3614 magui

204 3719 242 3737 -
300 3630 765 3766 Lebiidliibeirrriticbiostpenenda.

202 3783 244 3854 :ft-
301 3767 411 3834 Lectio,
442 3782 512 3838 quse
532 3768 727 3822 tantummodo
746 3765 780 3820 ad
800 3765 947 3824 verborum
967 3766 1199 3838 collocationem,
1225 3767 1269 3824 vel
1287 3765 1428 3826 scribendi
1447 3769 1541 3822 rario-

204 3914 236 3973 Ε.
297 3856 705 3972 ῦοῖῗῖὲτὲξιωὲῗ.Εάῐιοτίδω
718 3932 839 3992 recepta.

204 4009 282 4067 susp.
302 3992 429 4068 Suspicio
449 3998 504 4048 slve
522 3997 684 4048 contectura
700 4010 759 4049 non
778 4009 899 4067 recepta.
