3384 5359
203 278 265 357 ιιι
552 329 561 346 ·
630 291 857 358 nnuman
879 292 1095 356 nnnnnn.

276 436 355 490 Car.
369 433 430 496 ΧΥ.
451 433 588 506 Simulque
608 433 698 486 iudico
717 435 821 486 maltam
839 434 912 486 illrrd
928 409 1068 504 opinionis
1086 451 1156 499 esse,
1175 452 1232 485 non
1250 442 1388 486 naturae:
1407 437 1434 485 si
1452 439 1524 486 enim

200 517 232 564 in
251 529 282 562 re
301 519 409 566 essent,
428 528 477 561 cur
489 508 599 582 fierent
615 514 734 579 prouisa
753 512 874 577 leuiora]
902 511 1000 563 Haeret
1020 514 1124 562 oratio:
1146 509 1218 562 unde
1237 513 1380 564 Manutius
1400 515 1524 581 corrigit,

201 592 231 638 in
250 604 281 637 re
301 585 430 649 ESSET,
461 600 491 637 ut
517 583 551 637 ad
576 586 678 636 malurn
697 586 769 636 illud
787 583 934 645 reiteratum
960 585 1008 638 sed
1030 584 1096 656 quid
1116 584 1237 658 tumlict
1258 585 1313 637 illis
1334 585 1521 657 sequentibus,

193 660 305 736 fierent
320 665 440 732 provisa
459 662 587 711 leuiora?
612 665 693 713 Certe
714 661 820 713 dictum
841 665 980 732 oportuit,
999 659 1090 732 fieret
1105 665 1252 731 provisum
1270 662 1368 714 leuius.
1410 661 1452 713 Tu
1471 666 1523 713 ita,

200 757 253 809 que
274 755 307 788 ex
327 754 373 788 tuo
394 735 491 788 codice
511 740 612 809 insigni
633 735 716 787 aliam
736 734 841 808 prolers
861 737 1025 801 lectionem,
1055 737 1087 786 Si
1105 741 1226 786 enimin
1246 754 1276 786 re
1297 736 1402 789 Meta
1422 745 1521 788 essent.

96 812 103 836 ¹
200 817 281 865 Certe
308 826 353 863 aot
381 815 418 863 ita
445 810 590 883 legendum
617 828 674 875 est,
707 828 753 863 aut
774 816 866 881 potius
887 812 963 883 (quia
984 813 1037 863 hoc
1057 811 1284 884 interpolatorem
1304 809 1373 884 olet)
1392 812 1522 880 sineretque

200 887 418 940 iudicoMALA
439 886 524 939 ltus
545 891 684 957 opinionis
701 905 778 951 esse,
798 905 855 937 non
874 896 1001 939 naturae.
1042 885 1094 939 sed
1115 904 1174 938 esto
1196 889 1263 951 hoc,
1282 902 1312 940 ut
1331 886 1424 944 lubet:
1453 884 1522 938 illud

199 966 269 1016 mihi
291 966 494 1025 certissimum,
522 980 579 1015 non
597 960 744 1033 legendum
763 968 794 1012 in
813 980 861 1013 re:
892 962 940 1014 sed
960 961 1069 1035 dempta
1088 967 1307 1033 praepositione,
1334 963 1365 1012 Si
1384 965 1456 1012 enim
1475 961 1520 1014 lili
1548 1025 1550 1027 p

200 1046 299 1090 essent.
339 1038 383 1089 Ita
403 1037 507 1088 Cicero.
521 1038 634 1108 ubique,
664 1054 694 1089 ut
715 1053 796 1109 supra
816 1038 898 1090 Tusc.
921 1038 957 1089 ll.
1001 1037 1039 1089 Re
1064 1037 1252 1101 succumbere,
1281 1055 1338 1087 non
1363 1036 1519 1106 oportebat,

199 1114 297 1171 uerbis
315 1112 504 1180 gloriantem:
525 1116 565 1164 sic
586 1111 667 1178 alibi,
688 1113 754 1163 Non
771 1131 803 1164 re
821 1102 872 1163 sed
890 1117 1028 1182 cptnione.
1067 1111 1138 1164 Tam
1157 1130 1203 1177 re,
1221 1131 1304 1183 quam
1321 1111 1417 1165 verbo.
1454 1113 1523 1170 Non,
1552 1167 1555 1172 ,

201 1196 261 1241 tam
280 1208 327 1250 re,
348 1205 430 1256 qrtam
449 1205 506 1257 spe.
542 1187 639 1258 Neque
659 1183 718 1239 tdm
737 1205 784 1254 re,
804 1206 885 1259 quarn
905 1188 989 1241 dicto.
1028 1188 1075 1243 Sic
1094 1187 1183 1240 liebus
1201 1187 1299 1240 eodem
1317 1204 1409 1240 sensu.
1445 1190 1522 1240 Nun-
1552 1177 1556 1187 ’

199 1280 282 1335 quam
301 1257 331 1313 iu
352 1262 441 1314 rebus.

211 1359 214 1374 ·
275 1342 351 1390 Car,
374 1337 449 1390 xvi.
477 1335 616 1400 Primum,
635 1336 709 1408 quod
723 1354 806 1407 posse
825 1336 951 1388 accidere
970 1336 1018 1388 diu
1036 1337 1211 1410 cogitaverit]
1238 1336 1332 1390 Codex
1351 1349 1413 1390 tuus
1429 1341 1521 1408 primo

198 1428 226 1466 ct
246 1416 396 1480 cogitavit.
435 1411 517 1480 Quod
537 1415 597 1464 sine
618 1411 703 1463 dubio
723 1412 896 1466 admiserim:
917 1428 981 1465 nam
1001 1418 1143 1485 sequentia
1164 1414 1216 1465 boc
1232 1412 1390 1486 postulant,
1410 1411 1519 1465 Deinde

197 1488 272 1561 qttod
289 1488 444 1551 intellegit,
463 1503 490 1539 ιι
511 1490 655 1541 Postremo
675 1487 749 1556 qttod
764 1487 852 1540 videl.

274 1564 353 1614 Car.
374 1563 466 1616 XVII.
494 1563 551 1614 Cur
570 1562 645 1613 cedis
653 1560 815 1632 fortunae,
847 1581 916 1632 quae
938 1561 1099 1633 pervellere,
1119 1570 1148 1614 te
1164 1560 1298 1632 forsitan
1319 1566 1460 1633 potuerit,
1490 1570 1520 1613 et

195 1656 338 1711 pungere,
370 1655 427 1688 non
449 1642 558 1707 poterit
582 1647 655 1689 certe
681 1644 759 1689 uires
775 1636 955 1709 fraugcrei]
991 1640 1124 1691 Restituit
1150 1655 1182 1688 ex
1207 1637 1303 1690 codice
1329 1653 1377 1689 tuo
1401 1643 1518 1709 poterit,

193 1732 282 1784 quum
302 1728 382 1764 antea
402 1712 482 1784 vulgo
501 1711 618 1768 ferretur
639 1719 765 1784 potuerit
787 1729 813 1765 et
830 1718 933 1784 potuit.
980 1714 1041 1770 Sed,
1060 1712 1132 1765 alind
1154 1728 1211 1764 tum
1232 1712 1352 1764 restabat
1373 1712 1520 1764 emendan-

132 1800 137 1811 '
197 1790 281 1854 dum,
301 1806 370 1860 quae
387 1788 542 1858 pervellere
560 1796 588 1840 te
599 1785 735 1859 forsitan
753 1789 922 1842 POTanT.
960 1789 1033 1841 Nam
1052 1793 1128 1841 cette
1148 1787 1214 1839 illud
1231 1794 1357 1858 pottterit
1377 1790 1448 1840 male
1468 1790 1520 1838 La-

198 1865 323 1918 tinebio
344 1863 458 1917 dicitur.
496 1865 596 1922 lterum
617 1867 670 1915 alia
691 1865 891 1916 emendationis
911 1868 983 1917 ratio
1003 1880 1044 1916 est
1064 1880 1091 1916 et
1111 1868 1201 1915 verior
1220 1881 1247 1915 ιι
1268 1863 1436 1934 elegantior,
1463 1863 1519 1916 Cur
1613 1907 1615 1912 .

198 1940 273 1991 cedis
284 1938 446 2009 fortunae?
465 1956 551 2008 pisae,
573 1939 621 1993 UT
636 1939 792 2011 pervellere
810 1947 838 1991 te
849 1936 988 2009 forsitan
1006 1942 1127 2012 potuerit
1146 1954 1173 1991 et
1190 1956 1333 2012 pungere,
1353 1956 1409 1991 non
1426 1944 1519 2010 poturit

198 2024 274 2066 certe
290 2019 370 2064 vires
380 2010 537 2084 frangere.

273 2089 310 2141 lb
321 2087 364 2141 id.
390 2089 435 2139 Ne
454 2088 569 2138 Ittstt'tia
588 2087 696 2158 quidem
714 2093 788 2139 sinet
807 2096 834 2139 te
855 2094 911 2139 ista
922 2085 1037 2159 facere,
1057 2091 1102 2139 cui
1120 2091 1261 2138 minimum
1279 2105 1338 2137 esse
1356 2087 1471 2139 uidetur
1487 2092 1517 2137 in

197 2162 251 2215 lrac
269 2182 356 2215 carisa
374 2162 463 2233 loqui]
491 2163 598 2215 Nollem
619 2180 645 2216 te
665 2164 712 2216 hic
732 2163 928 2227 Gebhardum,
949 2180 1060 2216 caecum
1080 2161 1239 2234 plerumque
1259 2160 1370 2228 ducent,
1390 2178 1447 2216 tam
1468 2168 1518 2214 im·

197 2240 311 2312 provide
334 2254 458 2291 secutum
479 2256 553 2299 esset
576 2243 638 2309 qul,
661 2256 746 2308 ¹quum
768 2244 796 2290 in
816 2239 955 2312 prioribus
976 2237 1159 2302 editionibus,
1185 2256 1272 2309 neque
1293 2237 1374 2291 aliter
1394 2244 1423 2290 in
1442 2238 1517 2292 codi-

197 2315 277 2367 cibus
297 2318 362 2378 tuis,
383 2329 458 2367 recte
475 2313 623 2366 haberetur
639 2314 743 2378 LOCl,
766 2314 898 2368 Palatinis
917 2319 973 2368 suis
990 2312 1125 2366 serviliter
1141 2312 1266 2365 addictus
1283 2312 1369 2366 edidit
1385 2312 1515 2382 LOQUl:

197 2387 266 2442 adeo
288 2394 396 2462 inepte,
426 2405 456 2441 ut
478 2389 548 2442 nilril
572 2404 662 2461 supra.
702 2386 777 2457 Quid
796 2394 888 2454 enim,
917 2388 1099 2452 obsecrate,
1129 2403 1171 2441 ιιι
1193 2387 1275 2441 illud:
1302 2388 1452 2440 Minimum
1473 2396 1515 2452 est
1571 2425 1578 2432 .

196 2466 292 2536 loqui?
327 2481 381 2535 quo
404 2461 514 2518 tandem
534 2481 615 2518 sensu
633 2465 797 2515 minimum?
829 2466 963 2517 hanccine
981 2463 1103 2518 scabiem
1123 2463 1251 2515 Ciceroni
1273 2462 1413 2517 affricarii
1442 2478 1469 2516 at
1488 2468 1516 2514 in

199 2542 284 2593 altera
310 2539 430 2592 lectione
455 2539 527 2592 nihil
554 2555 594 2592 ιιι
620 2537 742 2591 salebrae
768 2555 814 2592 aut
835 2538 1017 2595 difficultatis.
1061 2542 1162 2592 Noster
1186 2537 1218 2590 de
1240 2538 1353 2592 Finibus
1377 2540 1431 2591 lv:
1462 2538 1517 2592 Vel

197 2622 293 2687 potius
312 2614 463 2686 paullulum
483 2614 538 2666 loci
558 2612 642 2678 milti,
665 2607 696 2664 u't
718 2613 762 2666 liis
781 2614 990 2686 responderem,
1013 2614 1106 2667 dares.
1145 2617 1186 2667 lta
1208 2618 1316 2685 passim.

270 2692 350 2744 Cur.
373 2687 475 2743 xvut.
502 2691 627 2741 Ilrtiusne
647 2694 726 2743 vitae
741 2696 900 2761 propositio
918 2699 947 2741 et
965 2694 1103 2758 cogitatio
1121 2697 1172 2758 aut
1188 2688 1329 2759 Thyesten
1347 2689 1443 2740 levare
1458 2707 1515 2758 po·

199 2770 286 2829 terit,
306 2773 356 2815 aut
371 2766 506 2832 Aeetam,
532 2766 565 2816 de
585 2782 638 2836 quo
654 2765 752 2834 patella
770 2774 837 2817 ante
856 2765 930 2833 disi]
958 2767 1047 2837 Lege,
1073 2765 1107 2816 de
1126 2765 1277 2834 QUIBUS:
1303 2780 1368 2816 nam
1388 2762 1421 2816 de
1441 2779 1516 2816 utro-

196 2858 249 2913 que
273 2837 342 2892 dixit
366 2855 446 2900 supra
473 2843 539 2913 Cap.
562 2841 627 2894 xli.

272 2914 361 2968 lbid.
389 2914 472 2984 Quoi
490 2921 530 2979 si,
557 2924 587 2966 ut
608 2920 651 2966 ait
676 2914 763 2982 idem,
788 2915 875 2967 simul
893 2920 1004 2966 animus
1025 2932 1086 2965 erun
1107 2931 1138 2965 re
1159 2913 1294 2981 concidit]
1321 2914 1394 2965 Mira
1417 2913 1464 2965 hic
1486 2917 1515 2965 in

198 2988 342 3042 codicibus
367 2994 498 3044 uarietas:
522 2992 566 3044 Tu
585 2995 706 3061 uestigiis
731 3006 924 3062 corruptarum
942 2988 1093 3044 lectionum
1114 2993 1196 3041 nimis
1216 2989 1342 3060 religiose
1362 2989 1516 3052 inhaerent,

197 3070 238 3118 sic
264 3065 345 3118 verba
366 3069 492 3138 rebngis,
513 3066 597 3117 simul
617 3071 726 3116 artimus
744 3053 926 3128 recondidit,
950 3070 1154 3138 praepositione
1172 3064 1305 3135 ablegata.
1344 3067 1427 3134 Atqui
1448 3065 1516 3115 haec
1546 3106 1555 3114 .

196 3139 278 3191 verba
297 3141 424 3194 Enniana
447 3159 526 3208 sunt,
553 3140 627 3212 quod
648 3159 681 3193 ex
704 3144 781 3204 istis,
809 3150 841 3192 ut
863 3147 906 3192 ait
926 3141 1037 3205 lDEM,
1068 3156 1141 3192 recte
1164 3139 1288 3211 colligas.
1332 3137 1515 3193 Retinendum

196 3219 282 3287 igitur
305 3235 382 3278 cum‚·
408 3222 509 3290 quippe
532 3220 667 3289 posterius
691 3215 844 3269 membrum
871 3232 912 3269 est
935 3217 1086 3269 Trochaici
1110 3220 1271 3288 septenarii,

201 3321 204 3325 ·
281 3316 283 3319 ⁴
421 3321 579 3336 ----
599 3291 684 3342 simul
703 3296 811 3342 artimus
833 3309 894 3342 cum
917 3308 948 3341 re
970 3291 1100 3344 concidit.

196 3365 248 3418 Cui
268 3362 324 3419 lere
346 3371 488 3440 geminum
507 3381 548 3416 est
568 3366 635 3418 illud
654 3367 795 3433 Terentii,
815 3366 941 3421 Eunuch.
961 3368 1006 3431 ll,
1027 3371 1073 3425 ὅθ

420 3439 495 3491 Itan'
514 3447 628 3510 parasti
649 3451 692 3506 te,
720 3451 752 3492 ut
771 3460 834 3513 spes
856 3442 933 3502 nulla
954 3443 1072 3513 relliqua
1093 3447 1124 3492 in
1142 3448 1171 3493 te
1188 3448 1261 3492 esset
1279 3439 1349 3493 libi?

422 3514 512 3567 Simul
533 3518 677 3568 consilium
696 3533 761 3569 cum
782 3535 810 3569 re
829 3516 944 3568 amisti?

194 3590 248 3658 At,
280 3596 388 3662 inquis,
421 3591 535 3642 Tacitus
563 3607 590 3645 et
614 3591 660 3643 alii
687 3592 740 3643 hoc
764 3590 936 3644 Hellenismo
961 3604 1091 3656 utuntur,
1112 3589 1206 3653 ‚simul
1227 3588 1320 3652 nobis,
1351 3589 1437 3639 simul
1456 3606 1515 3653 ore,

124 3725 129 3728 ¹
196 3667 281 3718 simul
296 3670 488 3738 septemviris,
509 3667 593 3717 simul
605 3666 779 3719 Laodicenis.
818 3671 902 3737 Atqui
923 3682 954 3720 ιι
974 3665 1094 3731 scabies,
1115 3681 1183 3736 qnae
1205 3682 1254 3737 pro
1270 3663 1413 3736 Elegantia
1434 3664 1515 3718 italie.

194 3740 297 3807 batur,
313 3746 426 3794 nonnisi
449 3755 559 3792 mortuo
576 3741 711 3793 Cicerone
728 3742 857 3795 Latinam
877 3741 999 3815 linguam
1020 3739 1126 3794 iniecit.
1165 3740 1215 3793 llle
1236 3739 1318 3814 longe
1335 3743 1513 3811 parcissimus

195 3833 236 3870 eet
265 3822 294 3870 in
320 3817 495 3870 Hellenismis
526 3813 721 3869 adsciscendis.
767 3820 909 3871 Praeterea
937 3814 1060 3869 advertas
1084 3815 1183 3879 velim,
1217 3820 1246 3867 in
1275 3813 1403 3867 omnibus
1433 3815 1512 3866 buius

195 3891 357 3946 Hellenismi
377 3891 510 3963 exemplis
533 3888 568 3947 τὸ
585 3892 683 3956 simul,
706 3891 782 3943 nullo
803 3893 858 3945 alio
877 3890 961 3944 verbo
984 3895 1198 3955 interveniente,
1223 3907 1285 3942 com
1304 3889 1424 3941 ablativo
1447 3906 1514 3941 con-

165 3955 178 3978 ‘
193 3971 287 4040 iungi,
312 3966 385 4039 quod
410 3967 533 4036 ambigui
553 3965 657 4019 vitandi
681 3983 763 4019 causa
785 3972 971 4021 necessarium
993 3982 1066 4021 etate
1092 3982 1120 4020 ιι
1142 3971 1173 4019 1ιι
1196 3982 1241 4019 tua
1263 3971 1438 4018 correctione
1457 3962 1513 4017 dis-

193 4045 333 4115 iungitur,
358 4044 448 4095 Simul
469 4046 576 4094 animus
599 4059 630 4092 re
650 4041 784 4095 concidit.
1325 4101 1331 4108 ι

202 4173 206 4178 ,
269 4116 358 4171 lbid.
386 4119 456 4188 Qui,
479 4121 505 4166 si
526 4121 648 4168 virtutes
672 4117 786 4168 ebullire
812 4118 909 4168 volent
933 4124 961 4168 et
984 4115 1164 4200 ‘sapientiasL
1177 4114 1322 4188 ingeniose
1346 4129 1373 4167 et
1397 4132 1459 4166 rere
1482 4128 1513 4166 tta

192 4198 320 4263 reponis,
343 4192 466 4244 Ebullire
486 4193 597 4244 nolent:
620 4207 666 4245 aut
682 4197 724 4245 sic
741 4198 816 4244 enirn
834 4190 979 4264 legendum
999 4207 1056 4255 est,
1078 4207 1124 4243 aut
1144 4190 1219 4261 quod
1238 4190 1336 4243 eodem
1356 4188 1436 4254 redit,
1457 4193 1511 4260 qui,

192 4268 269 4322 NlSl
292 4273 416 4319 uirtutes
433 4267 547 4320 ebullire
567 4267 673 4320 volent.
713 4268 860 4331 Ceterum,
890 4283 975 4337 quum
999 4268 1045 4320 ltic
1068 4271 1361 4340 interpretisrmunere
1383 4264 1513 4335 iungatur

193 4343 311 4408 Cicero,
335 4359 362 4396 ιι
382 4342 495 4398 verbum
516 4342 553 4395 de
569 4341 651 4394 verbo
671 4340 782 4404 reddare
808 4342 970 4395 vocabulum
992 4344 1146 4410 Graecum,
1169 4338 1240 4412 quod
1262 4342 1309 4393 hic
1331 4344 1411 4393 vertit
1434 4339 1513 4396 ebul-

191 4418 261 4484 lire,
289 4423 334 4477 ιιι
356 4416 432 4474 aliud
454 4433 514 4470 etse
533 4422 623 4490 potuit
647 4419 939 4492 (ιιιιωίιαφλαζιινι
964 4415 992 4469 id
1015 4422 1089 4469 cuim
1112 4434 1138 4470 et
1162 4421 1271 4490 proprie
1293 4416 1407 4468 ebullire
1428 4419 1513 4488 signi-

190 4491 272 4554 ficat;
305 4508 332 4546 et
355 4493 560 4565 metaphorice,
588 4509 651 4544 cum
671 4498 788 4565 strepitu
812 4508 838 4545 et
861 4497 936 4545 inani
960 4497 1109 4545 iactatione
1137 4490 1218 4544 verba
1243 4489 1367 4550 fundere.
1413 4492 1513 4543 Noster

192 4569 259 4622 alibi
289 4568 322 4621 de
342 4568 462 4642 Epicuro
491 4584 517 4620 et
547 4571 605 4619 eius
634 4570 746 4622 asseclis
771 4563 884 4638 effutire
910 4582 937 4620 et
958 4567 1094 4618 balbrttire
1115 4585 1170 4620 non
1191 4566 1293 4636 dispari
1318 4583 1399 4636 sensu
1421 4563 1512 4619 dicere

191 4644 278 4697 solet:
310 4659 378 4714 quae
406 4659 447 4696 rat
479 4661 564 4715 prope
585 4642 719 4698 accedunt
738 4641 773 4695 ad
792 4658 932 4715 receptam
953 4640 1102 4695 lectionem
1125 4641 1253 4693 ebullire:
1285 4641 1331 4694 ted
1355 4642 1409 4696 hoc
1428 4642 1511 4694 Nonii

163 4723 168 4742 ¹
191 4725 357 4773 auctoritate
377 4719 526 4772 stabilitur.

266 4798 345 4848 Car.
366 4797 449 4854 xlii,
476 4792 551 4862 Quid
566 4801 661 4862 pelam
679 4792 834 4863 praesidii,
861 4801 912 4850 aut
922 4793 1087 4862 exsequar?
1111 4799 1199 4862 qrsabe
1221 4808 1292 4842 nttnc
1313 4789 1422 4841 auxilio
1445 4788 1514 4860 cen]

190 4868 386 4924 Andromacha
406 4870 474 4922 haec
496 4868 619 4940 loquitur
642 4868 713 4944 apud
736 4869 872 4920 Ennium:
903 4867 984 4920 verba
1009 4883 1100 4920 autem
1125 4870 1192 4919 satis
1212 4881 1277 4919 sana
1297 4881 1377 4919 sunt:
1407 4863 1441 4918 de
1463 4884 1516 4918 nu-

1110 5135 1117 5162 Ι
