3384 5359
686 272 760 354 ,ao
782 272 874 338 tus.
899 271 946 336 v.
1419 276 1482 342 aas
1586 249 1589 252 ’

146 414 229 470 Nota
247 429 339 468 antem
357 412 510 468 locutionis
529 409 614 488 genus
635 409 797 472 nienstede.
835 412 911 467 Nam
932 418 961 468 ln
982 412 1111 481 bilance,
1136 431 1205 488 quas
1226 415 1291 470 ianr
1313 401 1484 491 praepdnde-

145 506 214 556 rat,
244 507 302 542 non
321 489 454 560 deprimit
471 495 646 563 oppositam,
678 507 773 542 verum
796 487 894 545 elevat.
934 489 988 545 Sed
1007 490 1125 563 vulgaris
1145 498 1281 546 sermonis
1309 510 1402 547 errore
1425 493 1483 548 labi

145 571 241 620 etiam
265 568 384 638 sapienti
406 580 434 618 et
457 563 562 618 diserto
584 581 749 619 concessum
773 580 825 618 est.

230 640 411 698 civ..xix.
438 640 603 712 Similemne
630 649 717 712 putas
744 641 775 694 C.
799 639 890 708 Laelii
915 657 1000 706 unum
1024 640 1198 693 enuntiatum
1215 640 1332 713 fuisse,
1364 651 1394 695 et
1418 660 1483 695 eum

144 714 263 786 quidem
285 733 346 768 cum
368 718 480 787 repulsa
508 716 562 789 (sic
586 734 668 787 quum
690 722 803 786 sapiens
826 725 857 768 et
880 717 968 769 bonus
991 721 1039 768 vir
1061 718 1151 787 qualis
1177 715 1223 769 ille
1242 716 1310 788 fuit
1332 713 1484 792 sistragiis

141 796 343 862 praeteritur,
362 809 418 842 non
434 795 554 863 populus
572 811 591 843 a
610 793 682 842 bono
702 791 812 843 consule
827 799 940 864 potius,
964 810 1047 863 quam
1066 792 1112 842 ills
1131 811 1150 842 a
1168 790 1243 845 bono
1259 795 1364 865 populo
1383 794 1482 866 repul-

144 885 214 917 sam
227 863 310 942 sert)
329 865 381 916 sed
401 875 497 934 tamen
513 876 608 919 utrtem
630 867 727 918 malles
747 866 816 938 cet]
842 868 934 922 Multa
955 868 1001 920 lsic
1020 864 1173 920 medicinae
1194 867 1333 940 indigent:
1357 871 1482 926 Primum

144 943 285 994 Similem
307 945 400 1015 potius
421 941 535 1015 legerim
559 962 593 995 ex
617 941 780 995 melioribus
802 941 899 997 libris:
925 943 1025 995 deinde
1047 941 1113 995 illud
1133 944 1195 1008 Sic,
1220 943 1294 1016 quod
1335 949 1419 998 rimus
1437 949 1481 998 in·
1566 982 1573 992 ι

145 1017 231 1071 duxit
251 1017 430 1083 Gebhardus‚
465 1035 580 1072 nonest
603 1023 695 1071 nauci.
734 1020 828 1088 Quum
845 1023 922 1072 enim
942 1017 1023 1072 rerba
1042 1019 1112 1071 haec
1133 1022 1190 1072 sint
1210 964 1372 1092 corrigeltis
1393 1038 1423 1075 se
1449 1026 1482 1075 in

145 1110 196 1158 eo,
217 1092 291 1165 quod
304 1092 428 1146 Laelium
443 1096 583 1167 repulsam
599 1095 698 1145 trelisse
715 1092 831 1158 dixerat,
852 1090 889 1153 τὸ
901 1096 946 1147 Sit
966 1093 1073 1146 nullum
1091 1095 1138 1146 hic
1154 1093 1246 1148 locum
1259 1095 1360 1149 babere
1379 1112 1481 1168 potest.

146 1171 264 1223 Priores
290 1166 426 1232 editiones
453 1171 521 1224 aliae
543 1168 621 1222 SED
642 1188 723 1239 qumn
748 1175 877 1240 sapiens,
905 1169 974 1223 aliae
997 1168 1087 1221 ETSI
1102 1188 1184 1239 quum
1205 1175 1332 1242 sapiens:
1362 1180 1481 1243 qnorum

144 1248 289 1297 utrumvis
315 1242 513 1298 Gebhardiano
533 1246 582 1297 illo
604 1246 716 1298 melius:
741 1249 764 1297 si
788 1244 889 1311 modo,
911 1243 984 1316 quod
1006 1243 1125 1298 editores
1149 1262 1205 1299 non
1224 1246 1326 1308 vidisse
1346 1245 1478 1313 demiror,

145 1319 222 1374 illud
241 1321 310 1372 Non
330 1319 569 1394 eiiciature'quod
593 1317 662 1393 (illis
682 1318 793 1392 positis)
814 1327 968 1374 sententiae
986 1307 1072 1392 blane
1092 1336 1234 1393 repugnat.
1273 1321 1321 1375 Sic
1342 1327 1415 1396 enim
1438 1321 1481 1374 di-

143 1395 269 1449 cendnm
295 1410 369 1448 erat:
402 1396 459 1447 Sed
479 1395 533 1470 (vei
556 1395 623 1470 etsi)
647 1414 730 1466 quiem
754 1401 868 1468 sapiens
895 1403 924 1449 et
951 1396 1040 1446 banus
1069 1401 1116 1448 vir
1144 1401 1347 1468 praeteritur,
1359 1398 1481 1469 popalus

142 1476 247 1541 potius
268 1489 287 1521 a
309 1471 442 1536 Comttle,
472 1491 555 1542 quam
577 1472 624 1522 ille
644 1490 662 1522 a
680 1472 785 1544 populo
806 1472 948 1542 repulsam
964 1469 1044 1541 fert.
1089 1470 1143 1524 sed
1163 1470 1217 1524 duo
1244 1477 1343 1545 optimi
1366 1473 1479 1527 codices

146 1548 225 1620 apud
246 1544 423 1600 Gebhardurn
446 1548 576 1618 Siquam
595 1545 742 1610 trilibrem
767 1563 834 1618 quae
854 1547 956 1613 lectio,
980 1546 1015 1597 ab
1033 1545 1082 1598 illo
1102 1551 1218 1599 minime
1241 1548 1397 1612 intellecta,
1420 1548 1479 1602 sola

144 1638 215 1675 vera
229 1637 256 1675 et
270 1627 387 1694 genuina
402 1638 453 1676 est.
493 1623 540 1675 Sic
552 1626 626 1675 enim
643 1621 737 1674 locum
756 1637 847 1675 totum
864 1628 1021 1677 constituo:
1043 1621 1237 1674 SIMILENE
1245 1632 1331 1695 putas
1344 1624 1375 1676 C.
1388 1624 1480 1677 Laelii

146 1716 237 1748 unum
253 1698 427 1749 consulatum
433 1694 548 1769 sitisse,
579 1706 608 1748 et
623 1715 684 1749 eum
702 1697 811 1769 quidem
827 1716 889 1750 cam
904 1703 1016 1769 repulsa
1040 1695 1103 1772 (Si,
1123 1716 1204 1769 quum
1219 1704 1333 1771 sapiens
1347 1708 1376 1750 et
1391 1698 1480 1751 bonus

143 1778 199 1825 vir·
223 1774 316 1844 qualis
338 1774 385 1824 ille
403 1770 473 1843 sitit
495 1766 647 1842 suffragiis
665 1779 858 1843 praeteritur,
887 1772 954 1826 non‘
965 1773 1085 1844 populus
1104 1790 1124 1825 a
1142 1772 1213 1825 bono
1236 1776 1348 1826 consule
1369 1781 1477 1845 potius,
1566 1773 1569 1780 '

145 1867 233 1919 quam
255 1848 302 1900 ille
321 1861 341 1898 a
360 1848 474 1903 VANO
492 1849 597 1920 populo
616 1848 756 1919 repulsam
769 1847 852 1922 fert)
874 1848 926 1900 sed
943 1856 1038 1899 utrttm
1058 1862 1111 1901 cet.
1133 1847 1180 1901 ubi
1201 1847 1270 1910 ordo
1289 1865 1348 1915 est,
1369 1851 1399 1903 si
1420 1867 1479 1904 nott

145 1930 243 1997 potius
265 1922 651 1996 populusnbonoconsulet
678 1924 821 1996 aptissimi
843 1921 1001 1997 corrigendi
1019 1921 1150 1978 formali.
1186 1925 1273 1979 Porro
1289 1930 1372 1979 etiam
1391 1925 1477 1979 Vana

144 2004 341 2070 reposuimus,
370 2001 454 2072 qnam
481 2019 515 2053 ex
535 1999 673 2071 prioribus
696 1997 795 2065 editis,
824 2016 885 2053 tum
912 2018 946 2052 ex
965 1996 1062 2051 codice
1086 2014 1133 2051 tuo
1153 2006 1314 2070 praestanti.
1354 2000 1408 2055 Sed
1430 2006 1477 2055 cui

144 2093 206 2128 non
231 2089 278 2128 aut
303 2073 389 2127 bilem
414 2089 461 2127 aut
488 2079 576 2128 risum
598 2090 706 2127 moveat
730 2078 821 2128 inanis
848 2074 895 2128 illa
919 2072 1061 2129 Gebhardi
1084 2074 1250 2129 resultatio?
1284 2078 1476 2142 Correctores,

104 2187 113 2202 .
147 2155 258 2222 lnquit,
290 2150 387 2220 quibus
414 2149 486 2202 mitt
510 2155 632 2217 vanius,
661 2142 835 2222 diffiderunt
862 2155 1023 2202 vanitatem
1044 2167 1142 2200 suam:
1170 2156 1267 2221 quippe
1292 2170 1329 2202 ex
1353 2157 1478 2221 genuina

145 2226 267 2278 lectione
290 2240 306 2276 a
327 2225 433 2279 BONO
456 2226 559 2299 populo
577 2225 712 2296 fecerunt
732 2241 747 2276 a
765 2224 879 2305 VANO.
917 2224 1070 2295 Eugepae!
1095 2223 1164 2277 vide
1187 2230 1283 2298 quanti
1305 2242 1347 2280 est
1367 2243 1478 2300 saperet

147 2306 172 2374 si
194 2308 217 2354 is
237 2305 327 2372 sapit,
352 2305 398 2371 qui
418 2318 596 2371 quoscunque
615 2301 794 2366 librariorum
811 2301 904 2373 lapsus
925 2315 952 2353 et
972 2298 1070 2352 deliria
1092 2301 1229 2355 serviliter
1248 2306 1325 2374 sequi
1346 2306 1477 2356 instituit.

147 2376 226 2445 Quid
251 2381 327 2429 enim
346 2377 398 2429 tibi
425 2381 482 2442 vis,
509 2395 526 2431 o
550 2375 639 2445 bone,
669 2392 732 2429 cum
754 2374 802 2428 illa
822 2389 868 2429 tua
888 2376 1008 2430 lectione
1031 2393 1050 2426 a
1068 2374 1141 2426 bona
1159 2377 1282 2447 popedo?
1313 2383 1360 2447 qui
1379 2394 1477 2432 sensus

146 2454 223 2507 criti
252 2467 322 2524 quae
346 2455 503 2506 sententia?
535 2451 608 2523 quod
631 2452 809 2504 antitheton?
841 2450 941 2504 Nonne
964 2448 993 2502 id
1019 2450 1118 2503 saltem
1138 2452 1248 2517 vidisti,
1271 2457 1423 2524 sapientem
1443 2468 1478 2506 ac

145 2528 254 2581 bonnm
275 2531 364 2579 virum
382 2544 398 2580 a
419 2527 496 2580 bono
518 2526 621 2601 populo
643 2525 779 2598 repulsam
803 2543 945 2598 nunqnam
966 2523 1056 2579 ferrei
1082 2527 1129 2598 qui
1152 2527 1235 2581 talem
1259 2529 1396 2601 suffragiis
1418 2532 1476 2581 suis

145 2618 335 2677 praetereunt,
355 2620 412 2657 nort
433 2603 499 2655 lorti
517 2608 622 2674 utique,
646 2600 694 2655 aed
713 2606 794 2664 vani,
816 2599 927 2666 futiles,
950 2605 1157 2668 inconstantes,
1182 2608 1306 2673 ventosi,
1328 2602 1476 2666 mobilium

145 2680 304 2750 Quiritium
327 2677 422 2746 turba,
445 2678 488 2732 vel
508 2682 585 2751 peius
605 2676 723 2748 deniqne
743 2674 876 2749 quiddam
895 2691 960 2729 snut
980 2674 1146 2749 appellandi.

223 2756 303 2807 cir.
322 2753 390 2808 XX.
416 2754 592 2827 Dionysius,
612 2758 659 2824 qui
678 2770 760 2823 quum
779 2751 936 2803 abtmdaret
955 2759 984 2802 et
1004 2753 1161 2822 aequalium
1171 2749 1429 2824 familiaritatibus
1447 2760 1478 2804 et

145 2829 346 2884 consuetudine
364 2835 600 2902 propinquorum,
625 2826 742 2879 liaberet
763 2833 850 2879 etiarn
871 2846 948 2879 more
967 2827 1106 2879 Graeciae
1128 2828 1262 2898 quosdam
1284 2828 1477 2881 adolescentes

145 2921 245 2956 amare
265 2909 443 2971 coruunctos,
471 2904 602 2959 credebat
626 2919 723 2956 eorum
747 2908 863 2972 nemini]
890 2903 997 2956 Mirum
1021 2919 1087 2956 vero
1111 2903 1165 2956 bec
1187 2919 1215 2957 et
1234 2901 1397 2957 incredibile
1423 2919 1474 2967 est,

145 2997 212 3033 enm
235 2984 341 3033 nemini
364 2993 476 3034 suornm
497 2982 622 3034 narranti
644 2977 795 3051 quidquam
817 2976 899 3031 fidem
921 2977 1065 3038 babuisse;
1091 2977 1146 3031 hoc
1166 2983 1241 3031 enim
1261 2995 1288 3032 et
1309 2979 1382 3031 nihil
1401 2977 1476 3032 aliud

144 3070 190 3108 est
205 3054 326 3108 eredere.
365 3055 420 3110 Sed
436 3053 526 3110 facilis
543 3071 586 3109 est
601 3053 760 3108 emendatio
778 3053 820 3106 vel
837 3058 897 3107 sine
913 3057 1010 3126 scripti
1029 3050 1136 3116 codicis
1154 3053 1274 3107 anxilio:
1299 3069 1361 3107 tuus
1383 3068 1477 3107 tamen

144 3128 194 3183 ille
220 3128 322 3184 diserte
348 3131 448 3197 babet,
473 3130 613 3185 Credebat
634 3130 682 3183 SE
702 3147 798 3182 eornm
821 3133 941 3181 nemini:
969 3126 1041 3200 quod
1064 3143 1121 3189 est,
1145 3127 1356 3194 committebat,
1382 3129 1476 3202 phrasi

145 3209 306 3259 tritissima.
352 3207 457 3260 Firmat
483 3205 550 3260 illud
572 3206 644 3279 quod
664 3222 729 3258 mox
751 3209 891 3276 sequitur:
920 3204 978 3256 Sed
997 3208 1177 3255 convenisti
1200 3204 1330 3255 barbaris
1349 3210 1478 3275 eorporis

143 3280 304 3333 custodiam
321 3282 514 3336 committebat
521 3301 531 3341 ,·
555 3281 671 3354 et·Cap.
691 3282 758 3335 XX.
785 3281 859 3331 Huic
878 3278 988 3352 quidem
1007 3286 1084 3331 certe
1102 3281 1194 3331 vitam
1216 3287 1293 3332 tuam
1313 3269 1476 3340 committii.

223 3354 315 3412 ibid.
340 3358 387 3410 Ita
408 3357 524 3410 sordido
546 3357 729 3427 ancillarique
752 3354 886 3420 artificio,
916 3360 1014 3423 regiae
1042 3358 1188 3424 virgines,
1215 3359 1252 3406 ‘ut
1280 3355 1477 3423 tonstriculae,

144 3430 300 3484 tondebant
319 3429 436 3485 barbam
454 3442 485 3485 et
499 3432 629 3503 capillum
646 3435 751 3502 patris]
779 3431 843 3484 Nou
863 3428 954 3504 placet
977 3425 1045 3481 illud
1067 3426 1213 3500 artificio:
1240 3446 1297 3483 non
1319 3436 1392 3484 enim
1412 3447 1478 3504 pro-
1534 3473 1538 3488 ,

144 3503 294 3561 fitebantur
314 3525 343 3562 se
365 3513 513 3563 tonstrices
536 3523 609 3567 etse:
637 3504 737 3559 sedeo
758 3522 873 3558 munere
899 3503 977 3576 iungi
997 3501 1178 3575 copelaantur.
1216 3505 1405 3574 Quamobrem
1423 3509 1478 3559 mi-

144 3582 222 3636 riiire
243 3581 349 3655 placet,
376 3601 458 3657 atque
480 3582 549 3636 adeo
572 3586 717 3636 serissima
741 3595 785 3635 est
812 3584 853 3634 tui
877 3577 990 3634 Codicis
1012 3578 1116 3647 lectio,
1144 3580 1266 3634 Sordida
1291 3582 1475 3654 ancillarique

144 3657 302 3712 onmem.
340 3660 499 3733 Propertius
519 3658 568 3719 iv.
586 3661 615 3715 9.

368 3736 446 3788 Idem
464 3751 520 3805 ego
539 3732 658 3785 Sidonia
667 3728 734 3803 feti
753 3730 864 3785 servilia
879 3730 959 3802 palla

370 3808 488 3882 Officis,
512 3817 541 3860 et
561 3807 644 3881 Lyda
659 3825 750 3880 pensa
768 3806 872 3857 diurna
891 3805 962 3858 colu.

143 3884 242 3940 Horat.
261 3885 350 3940 Serm.
368 3887 413 3953 ll,
433 3889 468 3952 6,
492 3892 555 3945 108.
574 3884 731 3928 -'-·--
750 3882 887 3935 Necnon
908 3878 1050 3935 verniliter
1070 3884 1139 3952 ipsis

369 3961 512 4032 Fmtgitur
531 3956 642 4013 officiis.

143 4035 256 4092 Plantas
274 4036 431 4091 Cistellaria
451 4037 499 4102 IV,
519 4039 545 4091 l.

370 4112 537 4166 Faciendum
556 4117 600 4162 est
621 4105 725 4183 puerile
746 4102 881 4160 officium:
907 4109 1113 4177 conquiniscam
1132 4103 1172 4156 ad
1189 4101 1329 4158 cistulam.

218 4186 300 4242 cir.
318 4189 402 4243 xxi.
431 4189 606 4259 Quamquam
632 4181 676 4235 laic
707 4180 815 4254 quidem
839 4187 998 4253 tyrannus,
1032 4185 1090 4251 ipse
1116 4178 1267 4246 iudicavit,
1294 4198 1378 4251 quam
1403 4189 1478 4233 esset

143 4261 254 4332 beatm]
281 4264 423 4318 Continuo
444 4261 571 4317 videbam
593 4254 739 4332 legendum
766 4273 825 4309 esse
846 4255 1052 4311 lNDlCAVl'l'.
1092 4256 1159 4309 Post
1182 4272 1246 4309 vero
1270 4256 1341 4327 apud
1366 4256 1480 4312 Lambi-

143 4356 209 4392 num
232 4353 294 4391 eam
316 4334 541 4393 emendationem
564 4339 671 4409 reperi,
702 4347 730 4386 et
751 4330 833 4384 bonit
858 4329 1013 4385 rationibus
1037 4329 1201 4387 stabilitam.
1239 4328 1315 4401 Quid
1336 4331 1383 4385 bic
1405 4331 1481 4386 Geb-

144 4412 264 4468 bs'rdnsi
287 4412 393 4468 Contra
408 4430 455 4470 tas
473 4418 596 4468 rationes
614 4427 653 4462 ne
667 4412 770 4461 mutire
786 4403 898 4478 quidem
916 4406 958 4459 vel
973 4407 1081 4460 hiscere
1099 4403 1198 4468 nudet;
1221 4405 1363 4460 codicibus
1384 4423 1478 4464 tamen

145 4493 201 4542 anis
222 4505 330 4544 servm
347 4506 430 4564 pecus
454 4489 639 4560 obtemperat.
679 4478 710 4536 Si
732 4482 788 4536 hoc
811 4479 896 4535 modo
920 4485 1025 4555 agitur3
1056 4478 1149 4535 iacilis
1176 4497 1242 4535 sane
1270 4487 1412 4556 provincia
1435 4500 1478 4538 est

144 4579 291 4638 procurare
310 4563 467 4631 editiones,
490 4579 518 4617 et
539 4581 554 4615 a
575 4564 672 4634 quovis
692 4556 881 4610 administrari
902 4572 1006 4630 potest.
1497 4603 1500 4609 ,

220 4640 302 4693 cir.
322 4641 436 4698 xxiii.
461 4641 598 4693 Animum
621 4632 920 4692 aduerti'columellam
941 4650 998 4684 non
1021 4629 1137 4684 multum
1155 4650 1171 4683 e
1189 4629 1280 4685 duritie
1297 4633 1478 4705 eminentem]

144 4714 248 4769 Omnes
269 4730 333 4769 ante
354 4731 428 4770 tuam
450 4714 589 4769 editiones
609 4708 814 4764 Animadverti
833 4706 952 4761 habent:
977 4724 1006 4762 tu
1024 4712 1148 4759 animum
1163 4706 1279 4759 adverti
1295 4713 1421 4780 reponit:
1441 4724 1479 4774 et,

144 4788 267 4856 Merito,
288 4796 395 4863 inquis,
417 4790 468 4843 lroc
483 4791 591 4862 probat
610 4787 668 4840 lac.
686 4784 858 4838 Gronovius.
896 4783 953 4836 Cur
974 4795 1069 4836 autem
1087 4782 1133 4835 ille
1153 4788 1235 4835 nnius
1256 4781 1360 4836 codicis
1381 4783 1480 4838 lectio-

144 4882 208 4920 nem
233 4881 274 4921 tot
302 4865 420 4926 aliorum
443 4868 607 4923 auctoritati
631 4861 797 4936 anteponiti
822 4859 905 4915 Certe
928 4857 972 4916 vel
994 4876 1027 4913 ec
1051 4863 1113 4932 ipso
1138 4863 1255 4914 nomine
1278 4875 1405 4932 suspecte
1426 4858 1480 4915 tibi
