3384 5359
209 204 275 278 sos
511 282 516 294 ,
645 202 858 270 straten
879 200 1091 268 sonora.

278 347 313 414 §a
327 350 372 405 71.
399 364 433 398 oc
460 344 586 416 direptus
613 363 709 398 eorum
733 348 873 418 partium]
906 343 1060 416 diremptus
1084 339 1246 415 legendum,
1276 344 1350 396 sicut
1376 339 1538 395 Lambinus
1573 364 1577 377 ·

206 418 345 475 edendum
363 425 486 487 curavit,
507 439 547 473 ex
566 426 732 476 auctoritato
751 421 800 474 lib.
819 425 1013 492 manuscripti.
1059 416 1226 472 Restituerat
1245 415 1316 473 idem
1334 435 1440 472 nomen
1460 418 1540 469 Cra·

205 495 304 551 rander
332 512 396 549 ante
422 511 508 549 sonos
535 497 595 551 xi..
639 501 695 550 Cur
721 512 814 550 autem
838 512 935 569 postea
961 492 1135 567 repudiatum
1161 492 1260 560 luerit,
1288 508 1399 546 causam
1423 492 1539 544 nullm

205 571 295 626 video.
335 572 467 641 Sequitur
486 576 516 623 in
535 554 741 643 marsuscripto,
759 590 828 643 ortae
848 579 914 623 anie
933 573 1080 622 interitum
1096 573 1239 622 vinctione
1257 569 1351 641 aliquo
1369 564 1537 632 urebant,

208 645 281 721 quod
301 646 439 703 lambino
458 650 543 699 etiam
563 651 651 718 magis
671 647 818 717 probatur,
837 663 919 718 quam
937 651 1087 697 irmctione.
1462 702 1469 717 ἱ

282 719 373 775 Ibid.
394 723 449 773 His
466 729 495 772 et
515 721 618 772 talibus
635 721 782 791 adductus]
803 721 883 794 vulgo
896 719 999 777 addunt
1019 719 1185 772 rationibus.
1225 721 1303 791 Quae
1321 734 1414 773 autem
1427 720 1537 774 cicero

206 797 254 850 bic
273 803 435 850 summatim
455 813 488 849 ex
507 796 797 868 Platonisdpologia,
817 799 931 850 Critone
950 812 978 849 et
998 794 1145 851 Phaedone
1163 792 1263 862 refert,
1284 789 1316 848 ei
1335 812 1397 848 cam
1410 796 1536 849 Graecis

166 935 170 941 .
206 877 376 946 comparavit
395 872 530 924 Henricus
552 872 705 944 Stephanus
727 876 756 925 in
776 872 879 924 Lexioo
899 871 1089 924 Ciceroniono.

206 975 211 983 ·
245 974 261 989 υ
281 948 306 1014 §.
327 951 371 1006 75.
389 951 444 1017 ⁸qui
462 946 573 997 acribus
591 947 679 997 oculis
698 944 873 1015 deficientem
888 942 976 997 'solem
994 949 1180 1014 intuerentur]
1204 947 1236 999 ln
1256 944 1318 998 aliis
1337 942 1418 998 libris
1437 946 1540 998 omni-

190 1013 259 1075 ‘bus
281 1036 338 1073 est:
359 1025 406 1090 qui
424 1026 531 1071 acriter
550 1022 652 1081 oculis,·
672 1021 771 1091 quibus
784 1026 879 1075 invitis
895 1019 1043 1073 Lambinus
1057 1018 1193 1074 edendum
1213 1024 1337 1088 curavit,
1354 1025 1401 1092 qui
1418 1018 1532 1071 acribus

207 1098 303 1160 oculis,
324 1094 418 1160 duces,
439 1111 469 1148 ut
489 1101 537 1162 ait,
557 1111 667 1149 secutus
684 1097 854 1162 Lucretium,
872 1096 1030 1167 Virgilium,
1052 1100 1141 1168 ipsum
1154 1098 1325 1149 Ciceronem.
1362 1095 1437 1148 Nam
1456 1110 1529 1168 spus

209 1175 370 1224 Lucretium
389 1169 449 1223 Lib.
470 1174 505 1229 5.,
518 1186 545 1223 et
566 1175 639 1243 Virg.
661 1170 722 1226 Lib.
743 1177 787 1226 12.
809 1188 851 1225 est
870 1172 957 1222 oculis
975 1172 1061 1222 micat
1079 1171 1191 1222 acribus
1208 1168 1307 1224 ardor.
1345 1169 1445 1223 Cicero
1463 1184 1528 1223 vero

206 1251 236 1300 in
257 1246 406 1299 Planciana
426 1243 511 1311 dicit,
536 1245 735 1316 populumlto.
754 1264 838 1298 orares
863 1244 1159 1310 hebetiores‚,oculos
1184 1250 1310 1297 acriores
1334 1252 1364 1296 et
1388 1250 1529 1298 acutiores
1637 1292 1638 1301 .

206 1320 316 1373 habere.
355 1319 456 1373 Statim
474 1338 507 1373 ex
526 1324 716 1392 manuscripto
734 1321 796 1393 lego
816 1320 1020 1392 contemplandi
1038 1319 1214 1393 diligentiam
1233 1325 1348 1373 ostitit.
1637 1368 1638 1385 ,

283 1393 374 1448 Ibid.
394 1396 481 1446 multa
494 1394 618 1447 aduerso
630 1413 777 1460 reverens,
797 1404 939 1467 tarnqttom
954 1401 1029 1446 ratis
1042 1399 1078 1446 -iu
1095 1401 1181 1463 mari]
1195 1393 1366 1468 disponenda
1386 1409 1429 1448 est
1447 1408 1524 1447 retus
1637 1388 1638 1451 ζ

206 1469 293 1524 lectio
303 1505 316 1536 ,-
337 1470 423 1541 quatu¹
439 1486 455 1523 a
474 1470 605 1523 Turnebo
625 1471 658 1524 C.
680 1473 723 1527 ll.
750 1470 810 1525 Lib.
832 1477 879 1528 10.
905 1470 1062 1523 Adversar.
1088 1468 1230 1523 defensam
1249 1470 1399 1522 Lambinus
1419 1467 1528 1542 prebat.
1637 1496 1638 1523 5

206 1545 259 1598 Eat
278 1559 370 1597 autent
390 1547 474 1598 baec:
507 1546 596 1596 muita
622 1544 745 1596 adverso
769 1555 916 1598 revertens
941 1555 1082 1616 tamquam
1107 1551 1137 1596 in
1162 1554 1228 1597 rote
1246 1549 1368 1603 inmari
1387 1549 1527 1608 imnum,

208 1628 308 1671 nostra
325 1619 437 1672 vellitur
455 1624 549 1680 milvi
574 1619 673 1691 quibus
692 1618 782 1673 verbis
803 1616 1012 1697 ἆλληγορικῶς
1031 1620 1184 1691 significat,
1204 1635 1326 1672 nostrata
1346 1623 1480 1672 rationem
1499 1631 1527 1669 et
1637 1612 1638 1663 Ὗ

208 1711 330 1749 mentem
349 1695 512 1768 corporibus
532 1693 668 1747 inclusam
687 1700 761 1747 varie
782 1712 815 1748 ac
834 1695 988 1768 periculose
1007 1699 1105 1748 iactari
1124 1711 1152 1748 et
1176 1694 1323 1759 fluctuare,
1350 1699 1390 1747 its
1409 1709 1438 1746 ut
1458 1695 1527 1745 certi
1637 1702 1638 1725 i

207 1770 279 1822 nibil
298 1769 408 1835 habeat,
427 1769 475 1822 ubi
495 1773 646 1822 consistere
665 1774 763 1841 possit.
802 1772 883 1835 Nam,
902 1787 932 1824 ut
947 1770 1091 1823 Turnebus
1111 1768 1208 1836 docet,
1227 1768 1294 1822 iilud
1306 1770 1395 1825 muita
1407 1767 1528 1820 ninerse
1637 1770 1638 1815 ἰ

175 1892 183 1904 ,
208 1853 355 1897 revertens
373 1843 428 1896 olet
449 1842 585 1914 qaandsrn
605 1849 725 1918 priscam
745 1861 772 1898 et
793 1849 933 1918 poiticsm
948 1844 1137 1909 locutionem,
1158 1861 1211 1917 qua
1223 1843 1424 1897 demonstratur
1436 1856 1527 1896 aestus

209 1936 321 1982 eorum,
349 1923 394 1990 qui
414 1938 447 1972 eo
466 1925 592 1990 saepius,
618 1918 690 1971 unde
710 1918 830 1991 degressi
850 1936 932 1987 sunt,
956 1919 1071 1973 redeunt
1091 1935 1207 1993 suaper
1231 1924 1364 1991 vestigia,
1389 1915 1462 1989 qaod
1480 1933 1528 1970 eoa

160 1996 164 2002 ’
208 1998 301 2066 coepti
322 1998 428 2047 itineris
441 2009 495 2050 ,aut
515 2000 575 2047 viae
596 1999 753 2067 poeniteat,
777 2012 823 2061 et,
848 1996 954 2059 muita,
981 1999 1095 2068 ponitur
1120 1993 1313 2049 adverbialiter
1332 2012 1383 2067 pro
1400 2009 1483 2066 saepe
1501 2006 1529 2045 et

210 2068 377 2141 frequenter.
414 2067 487 2122 Illud
506 2084 599 2123 autent
615 2075 729 2144 irs-rote
746 2070 826 2136 veti,
844 2068 918 2142 quod
938 2069 1124 2142 periculosum
1144 2085 1202 2135 est,
1225 2073 1388 2142 praesertim
1405 2073 1435 2120 in
1455 2071 1527 2120 mari

206 2159 287 2198 uasto
307 2160 334 2197 et
355 2148 508 2210 immenso,
530 2160 650 2199 tractum
670 2159 712 2197 est
731 2162 764 2197 ex
783 2146 914 2209 Platone,
933 2146 1035 2215 qui'in
1050 2143 1197 2200 Phaedone
1216 2150 1255 2197 ait
1275 2144 1372 2222 ὥςπερ
1388 2138 1438 2199 ἐπὶ
1457 2160 1528 2218 ogt-

208 2216 279 2282 δίας
296 2215 513 2276 κινδυνεύοντα
531 2218 709 2277 dionissium
727 2214 782 2276 τὸν
799 2219 887 2299 dior:
910 2218 983 2290 qaod
1001 2234 1061 2287 est,
1081 2235 1221 2293 tamquam
1239 2225 1268 2273 in
1288 2235 1347 2273 rste
1367 2216 1530 2293 periclitari·
1637 2254 1638 2267 .

120 2302 123 2307 ’
210 2309 268 2348 tem
287 2297 360 2347 ritae
379 2310 491 2346 cursum
509 2294 653 2347 conficere.

272 2373 309 2437 ,].
329 2372 374 2424 75.
401 2373 599 2440 nequicquam
617 2367 696 2419 aliud
712 2372 766 2437 est]
794 2367 841 2421 Sic
865 2383 907 2421 est
927 2371 955 2421 in
976 2367 1063 2423 libris'
1073 2370 1201 2443 vulgatis,
1218 2383 1246 2422 et
1265 2340 1299 2420 ne
1317 2373 1461 2438 qrtthuam
1480 2382 1529 2441 pro
1637 2392 1638 2405 .

210 2461 267 2497 nort
287 2448 430 2513 prtibquam
450 2449 532 2514 poni,
560 2461 590 2497 ut
618 2459 722 2498 veteres
747 2460 781 2495 rte
807 2448 854 2494 vis
880 2461 932 2516 pro
956 2462 1012 2496 non
1029 2450 1075 2495 uis
1093 2444 1238 2507 dicebant,
1265 2442 1411 2495 Turnebus
1432 2441 1465 2496 C.
1486 2446 1529 2500 18.
1637 2424 1638 2451 ³

210 2517 271 2591 Lp‘b.
290 2520 317 2574 9.
338 2517 496 2571 Adversar.
515 2518 623 2572 scribit.
671 2519 705 2572 ln
721 2534 819 2571 nostro
839 2534 976 2572 manuscr.
1004 2517 1098 2571 eadem
1126 2519 1327 2592 significatione
1352 2519 1455 2590 legitur
1481 2533 1530 2567 uec

211 2599 369 2664 prticqrsom,
393 2590 466 2662 quod
487 2592 639 2646 Lambinus
665 2610 698 2645 ex
723 2591 821 2646 codice
841 2597 1011 2647 Memmiano
1036 2609 1065 2647 et
1083 2595 1229 2647 Haraltino
1249 2592 1356 2666 prohat.
1401 2593 1531 2646 Manuos

212 2687 246 2720 ex
266 2666 383 2794 Mlalisei¹
396 2666 469 2720 libro
489 2667 580 2741 placet
599 2667 671 2720 nihil
686 2668 834 2740 quidquam
859 2668 939 2720 aliud
961 2677 1018 2769 est,
1043 2669 1182 2741 quomodo
1200 2670 1347 2723 Terentius
1372 2682 1398 2720 et
1419 2666 1530 2722 Plautus
1637 2732 1638 2745 ἵ

213 2757 459 2884 ⁸mu§.oc⁷¹iita·sive
478 2814 648 2886 retardabis]
674 2817 837 2869 retardabis
862 2836 913 2892 pro
938 2817 1094 2870 moraberis
1116 2833 1165 2872 sen
1189 2816 1378 2881 ctmctoberis,
1404 2806 1525 2869 insoleus

211 2908 268 2948 ests
298 2909 465 2964 quapropter
484 2896 549 2945 anui
569 2890 659 2964 ploret
680 2909 760 2958 sunt,
779 2910 863 2964 quum
883 2892 995 2965 publica
1014 2890 1146 2946 admonui
1164 2890 1311 2965 legendum
1329 2908 1405 2956 esse,
1430 2899 1526 2943 retro·
1637 2908 1638 2971 }

155 2988 169 3015 .·
210 2967 316 3032 stabis,
336 2966 364 3020 id
384 2985 441 3033 est,
461 2966 689 3039 subterfugisset
710 2968 947 3040 tergivertaberis3
973 2966 1055 3039 idque
1073 2985 1107 3022 eo
1127 2972 1216 3039 magis
1235 2982 1310 3020 nuno
1328 2966 1437 3039 placet,
1460 2961 1530 3038 quod
1637 2984 1638 2987 ¹

210 3038 418 3095 iahoewerbo
439 3057 535 3095 noster
553 3047 755 3113 manuscriptio
776 3059 841 3095 cum
862 3045 1035 3096 Memmisno
1054 3058 1081 3097 et
1101 3043 1249 3097 Huraltino
1268 3046 1417 3096 consentit.
1637 3042 1638 3063 ¹

287 3118 310 3184 i·
332 3122 377 3173 77.
399 3124 510 3188 quisque
529 3121 692 3185 contemnit]
715 3116 763 3173 Ad
783 3119 858 3170 hunc
876 3117 970 3171 locum
988 3118 1132 3171 Manutius
1153 3123 1208 3171 ita:
1229 3116 1339 3182 „Abest
1360 3131 1403 3183 et,
1423 3118 1530 3188 opinor,

211 3208 285 3245 recte
306 3192 358 3244 boc
378 3195 493 3246 verbum
518 3189 697 3265 (contemnit)
724 3192 759 3244 ab
785 3197 899 3265 antiqno
924 3192 1015 3258 libr03
1037 3209 1073 3249 ut
1096 3191 1181 3261 illud,
1209 3192 1387 3245 doctissimus
1410 3196 1529 3266 quispue,
1637 3192 1638 3209 ¹

211 3279 316 3340 spectet
336 3265 501 3320 adverbum
522 3267 681 3321 disseruit.''

289 3340 377 3406 §.80-
404 3342 481 3393 Nam
505 3343 669 3412 similitudo]
699 3342 762 3395 Iam
786 3341 953 3407 similitudo,
984 3341 1057 3416 quod
1076 3341 1237 3397 Lambtnor
1253 3347 1284 3395 ln
1301 3339 1449 3396 Hnraltisao
1474 3356 1529 3394 ests

211 3430 342 3493 annotat,
362 3420 392 3468 in
411 3433 507 3470 nostro
528 3435 635 3489 quoque
656 3423 848 3491 manuscripto
867 3417 977 3492 legitur.
1637 3452 1638 3471 t

286 3491 311 3556 β.
330 3494 375 3547 81.
403 3489 540 3559 Africani
550 3489 666 3561 fratris
684 3496 784 3564 nepos,
805 3490 889 3564 facis
905 3496 1011 3565 patris]
1039 3491 1112 3561 Quia
1131 3486 1298 3556 ἀδέσποτος
1316 3487 1429 3561 quidam
1448 3489 1527 3544 Gom·

210 3568 361 3619 mensarios
387 3563 524 3631 manerii,
558 3572 661 3620 rectius
687 3567 740 3638 legi
767 3572 797 3621 in
823 3583 931 3621 vetusto
956 3566 1104 3638 exemplari
1130 3562 1270 3636 Africani
1292 3583 1393 3637 nepos,
1414 3564 1525 3637 fratris

203 3638 289 3711 facie
308 3639 357 3690 vel
369 3644 478 3710 patris,
497 3656 581 3712 qoam
600 3640 628 3694 id
648 3646 684 3695 sit
703 3641 819 3709 falsum,
843 3640 915 3696 ride.
954 3640 1079 3697 Africani
1098 3644 1231 3708 minoris,
1255 3645 1303 3713 qui
1322 3656 1421 3693 natura
1440 3639 1522 3693 Paulli

210 3715 321 3769 Aemilii
342 3713 412 3767 filius
431 3712 499 3779 init,
519 3715 604 3770 irater
623 3732 638 3768 a
658 3716 694 3786 Q.
712 3717 796 3771 Fabio
815 3718 957 3783 Maximo,
978 3719 1123 3770 Verrucosi
1142 3714 1217 3782 filio,
1241 3715 1404 3788 adoptatus,
1427 3728 1457 3767 ut
1476 3716 1526 3787 sp-

211 3795 310 3862 pisnue
336 3794 366 3843 in
393 3791 568 3862 Hispaniensi
595 3790 695 3857 tradit,
722 3809 750 3846 er
770 3795 806 3862 Q.
825 3792 925 3846 fabius
945 3794 1084 3847 Maximus
1104 3791 1273 3845 Aemilianus
1299 3789 1408 3854 dictus,
1432 3788 1524 3843 consul

211 3862 265 3918 luit
285 3882 358 3919 anno
378 3864 598 3920 urbisDCVlll.
644 3868 732 3920 liuius
757 3867 846 3934 filius,
876 3883 904 3921 et
923 3867 1021 3922 Paulli·
1036 3881 1122 3939 nepos
1141 3863 1195 3920 fuit
1214 3866 1250 3934 Q.
1269 3864 1369 3918 Fabius
1389 3863 1452 3932 ille,
1482 3852 1524 3935 (iul
1637 3908 1638 3921 .

213 3938 312 3994 consul
330 3954 354 3993 a.
371 3940 545 3998 Dcxxxn.
572 3940 743 4014 Allobrogici
761 3959 916 4015 cognomen
935 3959 968 3994 ex
987 3945 1103 3996 victoria
1124 3956 1223 3994 contra
1235 3940 1396 4013 Allobroges
1416 3945 1525 4006 invenit,

211 4030 242 4068 ut
261 4017 360 4068 Cicero
387 4019 416 4067 in
434 4016 538 4078 Bruto,
564 4021 700 4073 Asconius
729 4021 758 4070 ia
778 4020 881 4081 Verr.,
911 4014 1198 4073 otiositates.
1225 4014 1427 4070 demonstrant.
1470 4016 1523 4068 Iam

211 4091 248 4159 Q.
268 4089 347 4143 Fabii
367 4089 485 4142 Maximi
505 4090 677 4164 Allobrogici
695 4108 723 4146 et
743 4097 812 4147 citis
831 4110 859 4147 et
879 4096 1053 4165 imperatoris
1080 4090 1226 4145 clarissimi
1252 4090 1338 4145 filiunt
1358 4092 1392 4160 Q.
1414 4087 1522 4143 Fabium

212 4164 288 4218 Mar.
308 4165 526 4241 perdipissimam
544 4166 652 4220 luxuria
670 4173 754 4221 vitam
773 4173 876 4240 egisse,
896 4168 1019 4221 Valerius
1038 4169 1177 4220 Maximus
1198 4167 1260 4220 Lib.
1280 4170 1307 4224 5.
1327 4167 1395 4238 Gap.
1415 4173 1443 4227 3.
1461 4169 1522 4219 teri·

212 4238 264 4292 bit.
304 4243 393 4308 Quem
418 4240 518 4294 Cicero
544 4243 592 4295 bic
617 4243 775 4315 significans
801 4259 875 4298 recte
894 4241 1020 4298 Africani
1045 4238 1139 4294 fratris
1164 4257 1293 4315 nepotem
1320 4254 1417 4305 rocam
1449 4256 1522 4313 qnare

209 4312 362 4368 Beroaldus
381 4313 622 4388 quoque'lallitnr.
1289 4368 1293 4376 .

287 4393 310 4456 i.
331 4393 377 4450 32.
403 4407 442 4441 on
459 4397 517 4463 ipse
536 4397 623 4443 animi
641 4392 791 4464 discessus]
817 4393 851 4446 ln
870 4408 1012 4446 manuscr.
1036 4404 1093 4445 est:
1121 4409 1175 4458 ort,
1204 4396 1335 4462 quoniam
1357 4395 1418 4463 ipre
1443 4395 1520 4443 animi

213 4462 352 4517 discessus
369 4483 426 4518 nou
442 4473 482 4518 sit
498 4470 558 4518 siue
577 4466 693 4521 dolore?
709 4497 748 4511 ·-
772 4465 903 4539 quoniam
927 4466 1037 4521 additur
1056 4482 1163 4540 quoque
1182 4471 1213 4521 in
1231 4467 1366 4542 vulgatis,
1394 4471 1455 4521 sine
1472 4481 1518 4539 quo

212 4545 352 4599 sententia
371 4556 462 4595 tamen
482 4540 563 4616 plana
582 4550 633 4596 es't.

211 4780 231 4826 Ρ
280 4712 290 4735 ’
319 4711 383 4827 1ΙὲΙὲ2
392 4708 515 4824 tiiplieet,
549 4712 589 4771 qui
614 4712 666 4757 sias
688 4712 815 4768 scriptoris
838 4712 935 4758 nomine
958 4711 1063 4758 insertas
1092 4713 1130 4756 ast
1160 4707 1259 4754 editioni
1283 4708 1359 4753 Laos.
1384 4721 1400 4752 a
1425 4709 1518 4765 Querar.

233 4793 292 4826 arts.
386 4810 395 4825 .
438 4809 446 4823 .
505 4814 507 4820 .
