3384 5359
1482 183 1498 219 1

225 306 267 381 us
381 348 393 407 ¹.
473 302 884 370 uuscnuanauuu
905 272 1300 367 mseuuaiuouuu

351 446 520 531 Mortalis
540 466 641 510 nemo
657 448 753 521 ew,
774 465 878 537 praem
899 443 1160 527 nonattingtrt
1174 442 1275 509 dolor

353 541 586 626 Morbnsques
607 540 746 603 metitis³
766 548 848 602 enne
868 537 1035 601 tamnes·
1055 535 1173 602 liberie

351 638 506 701 Rursum
526 632 690 709 creandi3
711 638 872 718 morsque
892 644 944 696 est
957 629 1092 712 sentent
1112 632 1293 706 omnibnsr
1328 676 1331 680 2

347 733 445 813 (luas
467 727 587 811 generi
607 730 760 792 hnmano
779 747 951 812 angorem
971 726 1202 812 neqtdriquom
1221 726 1389 816 efflante.

348 822 536 889 Reddenda
555 831 671 884 terrae
691 820 900 886 est⁶.terrn.·
920 822 1088 885 temnite
1107 820 1266 889 omnibns

347 917 534 992 Merenda,
557 927 598 979 ut
608 912 761 1006 fruges.
805 915 863 981 §ie
884 916 976 980 iubet
996 917 1210 982 Necessitas.

157 1014 161 1027 ⁸
223 1015 276 1078 60.
301 1014 452 1098 Negabat
473 1031 573 1096 genus
596 1010 660 1073 hoc
681 1010 837 1074 orationis
858 1011 1029 1098 quidquam
1046 1012 1176 1075 omnino
1198 1015 1239 1073 ad
1258 1012 1426 1075 levandam
1441 1012 1545 1098 aegel-

221 1108 362 1173 tudinem
383 1103 559 1189 pertinere.
602 1105 642 1168 ld
664 1106 746 1169 euim
767 1103 870 1188 ipsum
892 1107 1063 1170 dolendum
1085 1126 1155 1169 esse
1170 1105 1312 1181 dicebat,
1336 1109 1424 1195 quod
1438 1106 1469 1169 in
1483 1118 1543 1169 tam

221 1200 381 1266 crudelem
402 1197 621 1264 necessitatem
641 1197 872 1293 incidissemus.
929 1201 1010 1263 Nam
1038 1199 1125 1263 illam
1153 1199 1277 1286 quidem
1303 1198 1482 1265 orationem
1504 1222 1545 1263 ex

222 1292 527 1361 commemoratione
549 1292 723 1358 alienorum
745 1293 899 1358 malorum
922 1295 962 1357 ad
984 1293 1162 1358 malevolos
1178 1291 1392 1357 consolandos
1407 1314 1477 1357 esse
1493 1316 1544 1357 ac·

96 1448 109 1477 ,
166 1420 168 1427 ,
219 1390 464 1461 commodatam.
487 1386 574 1453 Mihi
595 1409 677 1454 vero
699 1388 798 1473 longe
816 1388 942 1452 videtur
963 1377 1067 1451 secus.
1091 1389 1174 1451 Nam
1196 1398 1229 1450 et
1250 1385 1421 1450 necessitas
1436 1387 1544 1451 feren·

220 1484 280 1571 dae
303 1479 493 1546 conditionis
515 1483 668 1546 humanae
696 1481 788 1568 quasi
816 1502 887 1545 cum
920 1483 981 1546 deo
1002 1502 1148 1567 pugnare
1169 1479 1353 1563 prohibet⁶‚
1382 1482 1544 1546 admonete

219 1597 284 1661 que
306 1596 376 1638 esse
396 1572 576 1652 hominem3
599 1597 681 1664 quac
702 1574 858 1663 cogitatio
881 1598 998 1661 magno
1022 1595 1121 1657 opere
1142 1574 1261 1638 luctum
1284 1574 1389 1638 levat:
1414 1586 1447 1637 et
1469 1596 1545 1638 enis-

219 1670 355 1735 meratio
378 1669 599 1752 exemplorum
620 1693 703 1747 uon,
741 1683 776 1735 ut
798 1666 933 1734 animiam
957 1670 1188 1734 malevolorum
1210 1668 1366 1743 oblectet,
1391 1668 1542 1745 affertur,

220 1767 278 1830 sed
300 1775 335 1826 nt
355 1762 430 1839 ille,
461 1762 517 1849 qui
539 1778 676 1843 maeret,
690 1765 865 1829 ies-endum
886 1762 948 1849 sibi
968 1765 1004 1831 id
1022 1775 1166 1839 censeat,
1190 1761 1412 1850 qirodvideat·
1428 1765 1544 1827 multos

219 1860 384 1923 moderate
406 1867 438 1919 et
460 1859 632 1944 tranquille
653 1861 775 1924 tulisse.
806 1862 875 1924 et.
897 1860 1054 1924 Omnibus
1077 1857 1159 1922 enim
1176 1856 1278 1921 modis
1292 1855 1444 1920 fulciendi
1454 1852 1542 1933 snm,

218 1954 275 2037 quii
305 1960 403 2033 pessunt
430 1970 490 2013 nec
518 1954 691 2017 cohaerere
719 1966 855 2036 possunt
882 1965 1019 2037 propter
1046 1951 1294 2037 magnitudinem
1323 1948 1542 2032 aegritudinis.
1607 2014 1613 2023 ,

219 2037 274 2111 Ex
295 2066 361 2130 quo
383 2043 483 2125 ipsam
506 2044 735 2130 aegritudinem
758 2042 861 2128 ieiune
885 2045 1106 2129 Chrysippus,
1144 2042 1234 2130 quasi
1256 2037 1368 2121 irione,
1401 2042 1435 2106 id
1456 2045 1541 2121 est⁷,

217 2140 410 2206 solutionem
432 2136 530 2203 totius
553 2140 709 2216 hominis,
733 2142 924 2223 appellatam
940 2151 1042 2223 putat.
1088 2139 1178 2221 Quae
1192 2149 1262 2202 tota
1276 2134 1419 2218 poterit⁸
1433 2138 1541 2214 evelli,

216 2235 393 2317 explicata,
425 2244 459 2294 ut
480 2233 639 2317 principio
662 2233 746 2311 dixi,
781 2256 876 2299 causa
899 2233 1119 2321 aegritudinis.
1164 2234 1225 2297 Est
1246 2230 1330 2295 enim
1351 2231 1437 2294 nulla
1461 2232 1539 2310 alia,

214 2329 277 2395 vnisi
300 2329 410 2412 opinio
433 2336 464 2389 et
486 2326 631 2391 iudicium
655 2325 759 2412 magni
780 2328 956 2410 praesentis
977 2340 1072 2413 atque
1092 2327 1236 2413 urgentis
1253 2325 1339 2393 mali.
1382 2325 1498 2412 ltaque
1511 2337 1543 2395 et

153 2480 155 2495 ,
217 2424 314 2488 dolor
335 2425 502 2508 corporis,
535 2420 623 2484 cuius
646 2432 695 2485 est
717 2442 841 2487 morsus
864 2422 1053 2498 acerrimus,
1086 2423 1271 2504 perfertnr⁹
1293 2447 1349 2507 spe
1371 2420 1540 2504 proposita

106 2532 111 2557 ¹
217 2517 313 2593 boni;
338 2530 369 2582 et
392 2522 460 2583 acti
482 2529 568 2581 aetas
590 2516 724 2580 honeste
745 2534 783 2579 ac
800 2513 964 2597 splendide
986 2526 1101 2578 tantam
1125 2516 1253 2580 aliert¹⁰
1275 2518 1539 2591 consolationem,

216 2621 254 2675 ut
275 2633 352 2688 cos,
377 2613 429 2698 qui
452 2612 496 2701 ita
518 2610 676 2687 vixerint,
692 2621 755 2674 >aiut
775 2631 840 2674 non
862 2608 1032 2695 attingat¹¹
1053 2609 1222 2696 aegritudo
1231 2612 1268 2691 ¹²,
1292 2626 1347 2677 aru
1367 2610 1541 2697 perleviter

215 2716 339 2791 pungat
361 2707 455 2769 animi
478 2706 586 2769 dolor.

302 2801 439 2866 xxvi.
463 2801 516 2863 62.
541 2802 603 2862 Sed
618 2799 754 2862 adhunc
769 2796 952 2882 opinionem
968 2799 1072 2883 magni
1096 2798 1169 2879 mali
1183 2821 1278 2886 quum
1293 2799 1346 2864 illa
1362 2798 1455 2864 etiam
1468 2793 1539 2881 opi·

161 2945 164 2951 ,
194 2962 197 2969 Δ
216 2894 271 2960 nio
287 2894 467 2971 accessitss,
492 2905 645 2976 oportere
656 2938 666 2970 ,
679 2905 800 2957 rectum
816 2914 906 2968 esse,
930 2894 1003 2956 adss
1020 2893 1154 2958 officium
1169 2898 1346 2978 pertinere,
1364 2897 1451 2960 ierre
1463 2892 1539 2957 illud

217 3011 337 3075 aegre,
362 2991 450 3076 qitod
465 2986 632 3053 acciderits
656 2998 721 3049 tum
741 2984 877 3071 denique
893 2985 1027 3050 efficitur
1045 2988 1098 3051 illa
1119 2989 1227 3072 gravis
1246 2988 1452 3075 aegritudinis
1464 3000 1539 3069 per·

155 3134 157 3147 .
215 3082 371 3146 turbatio.
415 3084 467 3147 Ex
484 3084 543 3145 hac
558 3080 709 3163 opinione
727 3090 800 3143 suut
814 3079 865 3142 illa
882 3080 968 3143 varia
989 3093 1019 3143 et
1038 3082 1234 3147 detestabilia
1253 3104 1370 3170 genera
1382 3080 1535 3167 lugendi:

215 3178 393 3259 paedbres3
418 3177 587 3241 muliebres
602 3173 809 3239 lacerationes
822 3194 993 3260 genarum3
1017 3177 1176 3258 pectoris,
1201 3177 1399 3252 icminum¹⁶,
1424 3173 1537 3258 capitis

214 3271 452 3354 percussiones.
496 3269 583 3333 Hinc
604 3269 657 3333 illc
672 3268 914 3353 -Αςαιιιοιιιιιοῖ6
936 3270 1147 3348 Homericus,
1172 3283 1204 3335 et
1225 3271 1307 3335 idem
1330 3268 1535 3346 Attianus¹⁷,

343 3365 512 3431 scindens
533 3366 654 3428 dolore
676 3362 865 3427 identidem
884 3362 1057 3428 intonsam
1078 3387 1224 3430 comam.

178 3502 182 3513 ι
216 3462 254 3525 ln
277 3480 343 3544 quio
364 3459 501 3522 facetum
523 3458 601 3522 illud
623 3457 752 3534 Bionis,
786 3455 918 3538 perinde
948 3457 1164 3522 stultissimum
1187 3481 1298 3545 regern
1320 3459 1352 3523 in
1376 3461 1462 3522 luctu
1484 3479 1537 3520 ca·

214 3555 326 3637 pillum
350 3553 411 3617 sibi
433 3553 587 3630 evellere,
620 3553 712 3638 qsrasi
733 3549 864 3614 calvitio
887 3572 1015 3617 maeror
1036 3555 1210 3618 levaretur.
1235 3586 1276 3599 -·
1297 3555 1352 3617 dn.
1374 3556 1439 3618 Sed
1460 3554 1537 3615 haec

99 3684 101 3693 v
216 3648 321 3713 omnia
342 3645 482 3722 iaciunt,
518 3646 701 3728 opinantes,
736 3645 777 3709 its
800 3643 871 3709 lieri
893 3660 1061 3729 oportere.
1119 3652 1232 3734 Itaque
1253 3662 1284 3713 et
1307 3647 1484 3713 Aeschines
1505 3644 1536 3710 in

290 3816 330 3893 (ί)
347 3824 389 3862 -’
403 3820 493 3871 Nemo
513 3829 556 3872 est
575 3827 658 3873 mort.
678 3819 711 3873 Ε.
737 3821 775 3888 (9)
796 3819 844 3874 ste
864 3821 894 3873 R.
913 3818 943 3874 b.
963 3822 993 3874 P.
1007 3820 1097 3875 Geth.
1119 3823 1154 3875 Ι).
1174 3820 1242 3874 Lali.
1257 3822 1309 3879 W.
1323 3828 1350 3879 2.
1363 3852 1400 3865 ·-
1413 3827 1539 3891 attinget

214 3895 345 3950 Manntlo
366 3895 463 3949 tribuit
484 3895 576 3950 Bonis.
593 3925 631 3940 -
649 3900 780 3965 attingat
799 3894 869 3950 Cdd.
883 3895 948 3967 aliq.
962 3897 1168 3952 aBsEcvML.
1182 3904 1207 3954 l.
1221 3894 1272 3973 (ee
1284 3896 1364 3950 dolos
1374 3895 1419 3972 P.)
1437 3899 1477 3967 (³)
1490 3897 1539 3951 stc

212 3972 248 4027 1..
270 3969 361 4025 Bentl.
380 3969 434 4028 W.
454 3976 480 4027 2.
498 4000 537 4014 -
556 3972 637 4023 mult!
656 3971 765 4036 Ceteri,
784 3976 869 4027 ettam
889 3970 916 4025 b.
943 3970 982 4046 (ὅ)
1001 4000 1039 4016 -
1050 3972 1126 4046 finis
1144 3974 1216 4031 Ote
1236 3973 1303 4027 Mt..
1329 3971 1367 4048 (⁶)
1386 3989 1451 4027 eum
1469 3972 1537 4029 edd.

136 4044 140 4053 ’
219 4046 344 4105 SEDW.
364 4067 402 4107 ε
419 4054 462 4097 est
480 4055 576 4099 terrae
596 4046 781 4101 Ptecvutt.
802 4045 892 4102 Gebb.
914 4048 984 4102 Lall.
1005 4054 1031 4104 1.
1051 4054 1078 4104 2.
1099 4046 1124 4125 (⁶
1155 4064 1221 4102 cum
1241 4045 1312 4120 Cdd,
1332 4048 1395 4120 aliq.
1417 4048 1499 4103 ltu).
1512 4056 1538 4106 i.

165 4136 174 4153 '
211 4122 266 4178 W.
294 4129 320 4178 2.
344 4137 383 4176 oe
406 4120 653 4188 coluteeceteu,
672 4119 745 4193 qnod
763 4121 874 4176 destndl
894 4138 1000 4196 potest:
1020 4126 1157 4189 „co'drcet
1177 4128 1312 4198 lmpeusm
1333 4142 1396 4178 cum
1415 4125 1468 4178 deo
1487 4141 1538 4198 pu·

212 4196 346 4270 gnsndl.'‘
366 4197 520 4269 Singularis
541 4213 634 4252 temen
653 4213 728 4252 esset
746 4205 920 4253 constructio
939 4216 1003 4254 cum
1016 4199 1168 4262 infinitivo:
1189 4205 1269 4253 cuins
1282 4200 1437 4273 exemplum
1451 4214 1538 4253 unum

211 4274 292 4328 affert
317 4271 487 4327 Foroellinus
514 4291 548 4327 ex
571 4273 665 4328 Hirtio
690 4273 725 4325 de
749 4272 828 4326 Bello
858 4274 928 4346 Afr.
957 4275 989 4329 C.
1009 4281 1054 4337 23.
1093 4276 1131 4343 (⁷)
1153 4276 1201 4329 Sis
1221 4276 1331 4330 Oxonm
1351 4275 1415 4348 aliq.
1437 4278 1538 4349 (Regio

211 4348 312 4404 mum
332 4349 423 4402 nonu.
453 4349 519 4402 usa
544 4348 658 4402 sou-ns
684 4351 780 4416 tacet.)
806 4349 1015 4405 eaasecue.
1041 4350 1114 4406 ou..
1140 4352 1195 4408 w.
1213 4352 1274 4418 (un
1292 4369 1357 4405 eum
1377 4351 1433 4425 []·)
1452 4359 1479 4407 2.
1500 4379 1538 4395 ·-

211 4442 270 4479 om.
290 4422 424 4489 itione,
443 4424 475 4476 id
493 4434 535 4478 est
548 4424 576 4477 b.
596 4426 667 4482 011.
686 4426 719 4479 V.
740 4423 831 4479 Gebh.
854 4425 920 4482 Lali.
941 4434 967 4483 1.
995 4428 1033 4493 (⁸)
1053 4435 1222 4500 -poterat
1241 4427 1312 4493 03¹.
1333 4426 1537 4482 PABSECML.

209 4498 308 4632 u.-
331 4496 700 4573 f
713 4498 886 4630 nasu
905 4500 1188 4651 attractae·
1227 4500 1346 4630 :us
1366 4498 1537 4630 inu:-

211 4651 247 4706 de
266 4650 356 4705 Bentl.
376 4648 406 4706 Ε.
427 4652 461 4703 Ι).
481 4650 565 4704 Mox:
589 4682 627 4695 ·—
644 4594 746 4703 ieviter
765 4652 796 4705 E.
836 4650 887 4728 (¹³)
908 4652 956 4706 Sic
976 4653 1007 4705 R.
1027 4651 1055 4706 b.
1076 4654 1141 4719 alit.
1161 4652 1213 4708 Ed.
1234 4669 1288 4708 vet.
1309 4596 1400 4707 Boin.
1420 4594 1552 4719 PMgLit„

210 4725 281 4781 Lell.
300 4726 353 4783 W.
373 4746 411 4770 -t
428 4731 580 4779 arcesserit
599 4727 746 4781 desecti.
768 4726 859 4782 Gebh.
882 4737 906 4786 1.
928 4726 978 4802 (Ῑέ)
998 4758 1030 4771 -·
1053 4729 1140 4781 etad
1156 4730 1206 4785 Cd.
1224 4732 1289 4784 Urs.
1309 4730 1413 4783 PBEC.
1431 4728 1482 4796 (¹⁵)
1500 4756 1538 4772 -

202 4804 352 4932 {tetmfflm
379 4802 451 4858 ose.
480 4805 513 4857 A.
565 4800 615 4875 (¹⁶)
640 4828 678 4846 -
703 4805 900 4874 Agamemnon
918 4802 988 4859 Ede.
1008 4819 1072 4860 ants
1091 4804 1184 4862 Gebh.
1221 4804 1272 4875 (¹⁷)
1290 4823 1329 4859 =
1347 4807 1490 4857 Aeetam
1507 4802 1536 4856 h.

250 4881 257 4907 1
