3384 5359
671 249 957 348 commu.
1104 311 1115 322 a
1213 275 1215 289 '
1420 290 1483 354 no

149 424 282 478 Minime
308 438 373 492 ergo
397 419 571 478 sollicitsnds
595 438 653 478 eret
679 422 788 492 vulgate
813 424 909 478 lectio.
953 395 1088 478 Mendum
1112 440 1206 480 temen
1228 427 1337 496 cubem,
1365 448 1423 485 non
1446 436 1485 485 ite

152 497 245 553 heile
267 515 283 551 s
304 503 401 567 quotis
423 497 618 569 detegendum.
657 500 732 569 Quid
756 504 830 551 enim
853 500 919 553 iilud
938 500 1024 550 neritis
1043 501 1175 568 legibus?
1199 508 1273 557 itane
1292 509 1378 560 verni
1403 507 1485 560 Certe

147 578 187 627 in
209 578 287 628 omni
307 571 453 641 disciplina
476 574 710 640 nonnullarum,
743 590 813 644 quae
835 573 870 626 eb
895 575 957 628 oiiie
984 577 1112 628 omnibu·
1137 577 1304 642 probentur,
1333 596 1360 633 et
1385 586 1487 634 incon-

152 664 241 700 cusse
261 649 460 701 exierimontur.
506 651 578 714 Lego
603 649 832 718 uniut'iiierulee
853 654 1017 714 insertione,
1046 651 1110 702 Nor
1134 655 1295 706 institutum
1321 655 1484 722 tenebimus,

153 720 410 791 NULLIUSQUE
424 729 507 775 unius
525 721 818 795 disciplinae-legibus
835 723 1051 778 ADSTllIC‘I'I.
1089 729 1136 780 Sic
1154 721 1193 780 [le
1211 728 1286 786 clar.
1304 734 1382 785 Orat.
1401 732 1486 785 Nullo

155 815 192 848 re
213 814 265 851 nnc
286 801 381 865 magis
396 797 607 851 commendatur
625 798 750 866 Orator,
774 817 858 869 petam
876 799 1023 870 splendore
1041 801 1200 856 verborum.
1424 809 1426 812 ’

177 869 179 872 ’
239 873 319 927 Cur.
341 873 385 924 iv.
413 873 480 925 Nisi
498 871 586 944 forte
614 878 750 944 temporis
774 891 861 925 causa
886 875 1090 947 assentiebare]
1119 878 1181 929 Post
1212 877 1375 931 vocobulum
1399 897 1487 931 cattrn

156 947 209 1000 siti
226 948 334 1000 codices
354 953 477 1001 inserunt
494 949 588 1013 NON,
607 952 653 1003 eiii
675 949 800 1009 Nonis,
826 950 946 1021 plerique
964 949 1071 1015 novt,
1091 950 1174 1003 codex
1196 967 1258 1005 tuus
1274 953 1386 1017 N0N13
1412 955 1489 1008 Vati·

151 1037 250 1075 cenue
264 1021 344 1076 NON
360 1023 414 1084 vi,
434 1026 507 1093 quoti
530 1029 691 1077 scoticeimo
708 1023 864 1076 Gulielmio
882 1023 1055 1091 probabatur.
1095 1029 1128 1077 At
1149 1028 1227 1080 nnilo
1248 1035 1362 1096 negotio
1381 1036 1488 1083 eruitur

159 1113 226 1150 vers
246 1096 343 1151 lectio:
366 1096 433 1148 Nisi
442 1093 531 1167 forte
550 1097 685 1168 temporie
699 1116 801 1163 cnttsa,
820 1097 913 1149 NON
927 1097 978 1149 RE
994 1099 1199 1153 assentiebare,
1221 1099 1368 1174 Temporis
1387 1122 1485 1171 carisa,

160 1189 220 1243 que
242 1170 383 1226 locutione
410 1189 492 1244 saepe
520 1191 586 1227 osus
613 1189 653 1227 est
675 1173 793 1240 Cicero,
823 1177 974 1248 opponitur
1000 1177 1044 1246 τῷ
1069 1192 1116 1242 re,
1146 1192 1178 1227 rr
1203 1193 1291 1228 uera:
1320 1180 1392 1232 iilud
1411 1178 1486 1252 ficte

160 1260 259 1308 notat,
279 1247 334 1299 hoc
352 1263 389 1295 ea
405 1252 510 1300 animo.

190 1371 193 1380 ,
239 1322 321 1375 Cn.
343 1320 389 1374 Vi.
418 1320 607 1392 Quoniamque
627 1329 660 1373 ut
680 1320 754 1374 bona
775 1319 883 1373 natural
903 1327 1076 1393 appetimus,
1102 1328 1143 1375 sic
1161 1343 1180 1375 a
1200 1326 1283 1377 malis
1304 1327 1411 1379 naturti
1430 1327 1486 1380 de-

161 1395 320 1456 clinatus,-
339 1411 410 1465 quae
431 1395 583 1449 declinatio
604 1402 626 1450 si
646 1415 710 1448 curn
729 1402 841 1448 ratione
853 1394 928 1468 fiet,
956 1404 1052 1450 cautio
1070 1399 1242 1469 appelletur.
1268 1419 1354 1473 eaptte
1373 1405 1486 1455 intelli-

162 1477 257 1538 gatur
283 1474 316 1528 in
338 1471 399 1522 soto
432 1487 492 1524 esse
523 1476 666 1541 sapiente,·
700 1490 770 1542 quse
793 1480 888 1524 autem
913 1478 974 1526 sine
999 1481 1111 1526 ratione
1136 1481 1165 1525 et
1190 1493 1251 1527 cunt
1276 1484 1488 1531 exanimatione

163 1544 265 1597 lrurnili
287 1535 372 1615 atque
388 1543 513 1618 fracta,
542 1551 702 1598 nominetur
726 1548 830 1618 otetur]
858 1547 967 1602 Fefeilit
987 1548 1033 1601 hic
1053 1553 1234 1620 interpretum
1255 1568 1373 1607 acumen
1393 1556 1489 1609 soloe-

164 1628 273 1675 cismue
294 1622 395 1688 letentj
425 1641 506 1691 quem
534 1638 626 1676 tumen
648 1638 731 1686 ειμι
756 1638 783 1676 et
810 1628 933 1676 intentus
958 1623 1045 1676 lector
1072 1641 1088 1676 e
1111 1622 1225 1678 latebris
1250 1631 1305 1679 tuit
1328 1632 1486 1698 protrahere

165 1701 281 1768 poterit.
321 1693 414 1763 Quae,
438 1702 542 1768 inquit,
565 1695 717 1749 declinatio
739 1697 771 1750 sl
791 1716 854 1749 cum
876 1701 987 1749 ratione
1003 1695 1080 1770 βας
1103 1704 1149 1751 cu'i
1167 1716 1339 1771 consequens
1358 1718 1431 1771 etot,
1458 1720 1488 1758 ut

164 1770 362 1840 subiungeret,
392 1773 450 1825 SlN
473 1780 567 1823 autem
591 1777 651 1823 sine
673 1776 801 1823 ratione:
825 1778 903 1844 etqui
925 1776 972 1826 hic
996 1777 1083 1839 citit,
1113 1771 1223 1842 QUAE
1241 1785 1347 1832 aretem.
1393 1779 1486 1845 Vides,

165 1852 279 1917 opinor,
307 1840 344 1902 τὸ
365 1843 506 1904 σόλοικον
530 1864 557 1901 et
582 1844 817 1906 ἀνακόλουθον
848 1864 935 1918 neque
963 1852 1036 1901 enitn
1061 1848 1101 1932 τῇ
1126 1848 1274 1926 προτάσει
1299 1850 1444 1924 respondet
1465 1859 1487 1926 η

165 1915 324 1983 ἀπόδοσις.
361 1920 440 1973 Haud
467 1938 560 1975 temen
583 1924 647 1977 ioco
665 1940 736 1992 quoe
759 1923 948 1994 reponendum
972 1937 1070 1977 censeo
1087 1927 1149 1974 sin:
1174 1924 1221 1977 ted
1244 1928 1298 1978 eiia
1322 1933 1364 1980 rie
1385 1945 1489 1982 sensn-

166 1996 234 2048 tium
251 2012 308 2048 esee
330 1996 441 2061 locum,
462 1996 554 2050 ublato
576 1998 627 2051 illo
648 1999 689 2053 Sl.
728 1996 883 2067 Quoniam,
909 2001 1012 2065 inquit,
1035 2017 1056 2049 a
1074 1998 1156 2049 malis
1173 2000 1281 2051 naturai
1301 2000 1488 2064 declinamus,-

128 2066 132 2076 “
164 2088 237 2144 quae
257 2068 410 2121 declinatio
432 2088 494 2123 cum
516 2076 628 2124 ratione
643 2070 720 2144 fiet,
750 2078 845 2124 cautio
870 2070 1043 2143 appelletur5
1069 2091 1139 2142 quoe
1164 2083 1259 2126 autent
1280 2081 1340 2127 sine
1362 2083 1486 2143 ratione,

151 2149 328 2196 mominetur
347 2153 448 2200 metus.
484 2146 572 2202 Piens
591 2148 678 2202 dictio
697 2144 782 2205 foret:
804 2146 850 2199 Ea
868 2146 1036 2213 declinatio,
1058 2166 1209 2218 quaecum
1230 2156 1343 2203 ratione
1354 2149 1415 2224 fiet
1432 2170 1487 2208 cet.

164 2221 255 2276 titini
265 2225 377 2275 certius.
829 2263 832 2276 .

244 2294 334 2350 lbid.
361 2293 526 2347 Praesentis
544 2295 637 2350 autem
655 2296 737 2360 meli,
757 2300 888 2367 copientis
908 2286 1025 2366 affectio
1042 2296 1121 2348 nulla
1140 2305 1200 2349 est:
1222 2299 1299 2353 stulti
1319 2308 1413 2353 aretem
1434 2321 1489 2354 ae-

165 2369 288 2438 gritudo
310 2378 354 2421 est
375 2388 437 2436 ea,
449 2389 504 2441 qua
523 2370 681 2425 efficiuntur
703 2376 734 2422 in
753 2371 838 2422 malis
858 2375 998 2442 opinatis,
1021 2376 1182 2443 animosque
1202 2372 1369 2448 demittunt]
1395 2378 1488 2432 Etiam

167 2447 216 2499 hic
240 2446 419 2501 soloecismus
440 2462 496 2509 eet,
518 2462 545 2498 et
564 2451 656 2517 priore
678 2446 789 2516 quidem
808 2453 942 2509 erectior,
963 2447 1027 2500 iicet
1048 2451 1134 2501 aciem
1155 2452 1333 2521 interpretum
1352 2451 1489 2520 effugerit.

168 2518 350 2588 Aegritudo,
372 2526 426 2584 sit,
448 2521 594 2588 STULTI,
616 2539 672 2591 qua
688 2520 929 2574 AFFiClUNTUR
950 2527 980 2571 et
998 2522 1231 2580 DEMITTUNT.
1271 2525 1396 2580 Placetne
1409 2529 1487 2583 troci

167 2599 310 2650 enimvero
326 2611 375 2648 sut
392 2594 545 2664 stultorum
565 2613 621 2664 qua
642 2591 830 2666 afficiuntur,
854 2611 902 2647 cut
922 2598 1056 2660 vicissim,
1079 2598 1162 2649 stulti
1181 2617 1236 2669 qua
1254 2597 1405 2672 afficitur,
1427 2609 1488 2656 eine

167 2669 254 2725 dubio
276 2669 379 2724 dictum
402 2673 534 2743 oportuit.
573 2671 635 2724 floc
652 2676 784 2742 primumi
808 2668 877 2722 iliud
898 2668 997 2724 deinde
1016 2674 1216 2746 contemplere,
1239 2673 1403 2728 Praesentis
1420 2679 1490 2730 malt

168 2733 308 2816 'sapientis
330 2736 447 2816 affictio
468 2743 547 2795 nulla
570 2752 624 2797 est.
667 2746 762 2813 Quae,
789 2745 910 2807 metum,
939 2744 1062 2802 scabies!
1091 2762 1174 2817 quern
1197 2767 1279 2822 prere
1305 2753 1487 2822 embigtiitss!

169 2825 264 2891 Apage
283 2825 350 2874 ietot
369 2824 521 2893 genitivum
549 2833 576 2872 et
595 2836 696 2893 repoue
718 2836 780 2872 meo
804 2819 943 2890 periculo,
967 2825 1049 2872 unius
1069 2821 1165 2876 literne
1183 2830 1366 2896 migretione:
1393 2826 1489 2878 Prae-

167 2900 259 2946 sentis
284 2902 379 2947 autem
404 2893 472 2946 mall
494 2892 685 2947 SAPIENTI
704 2884 821 2963 affectio
845 2894 924 2944 nulla
947 2901 1008 2944 est:
1037 2893 1194 2950 STULTIS
1219 2908 1313 2954 autem
1335 2901 1489 2969 aegritudo

166 2978 214 3022 est
233 2988 282 3034 ea,
304 2987 360 3040 qua
375 2966 550 3042 afficiuntur
568 2984 619 3042 oet.
659 2972 729 3039 Quis
748 2971 815 3023 huic
836 2974 1012 3023 coniecturae
1028 2970 1109 3024 iidem
1129 2988 1227 3043 negare
1246 2978 1336 3029 susiti
1358 2979 1488 3030 Ceterum

167 3048 293 3115 sapienti
316 3043 385 3099 dixit
408 3060 525 3097 numero
549 3044 698 3115 singulum
731 3049 796 3115 quie
820 3048 1041 3117 omnisapiens
1066 3063 1108 3101 est
1131 3051 1305 3116 uniusmodi,
1336 3049 1490 3104 stultorum

167 3137 233 3175 uero
252 3132 317 3174 sunt
337 3135 438 3188 genere
459 3118 575 3175 infinite.

244 3193 323 3249 cn.
345 3195 405 3248 vii.
430 3193 508 3245 Nam
533 3199 560 3244 si
582 3198 644 3264 quis
669 3190 764 3244 doleat
789 3197 849 3244 eius
873 3192 956 3245 rebus
975 3193 1118 3260 secundis,
1145 3213 1160 3249 e
1182 3215 1238 3268 quo
1261 3201 1320 3268 ipre
1345 3199 1489 3268 laedatur,

168 3284 226 3321 non
244 3276 322 3321 recte
343 3266 446 3323 dicitur
464 3268 607 3336 inuidere,
629 3276 661 3318 ut
676 3273 701 3319 ri
718 3268 829 3322 Hectori
849 3269 1059 3341 Agamemnon]
1086 3270 1180 3324 Codex
1199 3287 1262 3325 tuus
1281 3272 1391 3326 dicetur
1410 3277 1490 3330 exhi·

168 3341 231 3407 ben
257 3342 329 3413 qnod
356 3344 397 3398 iili
422 3360 484 3396 soce
506 3360 564 3396 tum
591 3341 757 3406 referentum
784 3358 875 3397 cetero
902 3348 942 3398 sic
966 3344 1085 3414 legimus
1110 3363 1143 3397 ex
1167 3341 1340 3406 coniectore:
1366 3350 1442 3403 Nam
1463 3354 1490 3406 ri

167 3422 232 3489 quis
253 3416 348 3470 doleat
369 3422 429 3469 eius
451 3362 534 3469 reduc
554 3416 684 3471 rectrudis
707 3436 726 3468 a
747 3417 885 3486 QUtBUs
906 3421 965 3489 ipse
983 3417 1130 3487 laedatur,
1153 3437 1210 3472 non
1228 3431 1305 3474 recte
1328 3426 1490 3480 mettun

167 3491 314 3558 invidere,
340 3502 374 3546 οε
391 3498 417 3544 si
435 3492 615 3548 HECTORiS
634 3494 841 3562 Agamemnon.
889 3494 1000 3558 Scribe,
1027 3497 1157 3565 inquam,
1187 3515 1206 3547 a
1228 3498 1325 3568 quibus
1346 3498 1491 3569 laedatur,
1573 3511 1576 3516 ’

170 3584 199 3623 et
224 3566 296 3622 refer
322 3568 355 3622 td
381 3567 465 3620 relus
492 3568 638 3622 secundis:
668 3574 709 3622 eic
736 3573 811 3620 enim
836 3568 947 3621 locutus
973 3583 1014 3621 est
1039 3573 1068 3622 in
1096 3577 1198 3641 proteri
1222 3573 1304 3627 huius
1330 3580 1491 3643 sententiae,

168 3644 301 3697 Alterius
321 3660 368 3694 res
388 3642 526 3695 sectandae
547 3644 647 3713 QUAE
664 3640 739 3695 niltil
757 3642 931 3697 NOCEANT
953 3642 1110 3709 invidenti,
1139 3661 1166 3702 et
1189 3666 1267 3704 mox:
1297 3649 1350 3701 Cui
1369 3650 1491 3701 alterius

169 3718 363 3773 contione
385 3717 457 3771 niltil
476 3719 661 3773 NOCEANT.
701 3714 784 3787 Quod
808 3721 831 3770 ei
860 3718 914 3770 hoc
938 3723 1003 3772 satie
1026 3721 1149 3784 ciorum,
1178 3722 1250 3776 iilud
1273 3725 1364 3777 adhuc
1389 3725 1490 3787 clarius

170 3807 223 3854 est,
247 3793 322 3862 quod
344 3801 479 3867 sequitur:
510 3793 550 3845 Ut
570 3799 596 3845 si
617 3794 753 3845 Hectoris
770 3793 985 3859 Agamemnom·
1016 3795 1089 3864 quod
1112 3801 1152 3849 tic
1171 3798 1250 3869 plene
1269 3798 1380 3854 efferes:
1407 3800 1446 3851 Ut
1463 3802 1491 3850 si

169 3867 305 3920 Hectoris
328 3868 412 3924 rebus
432 3866 562 3920 secundis
578 3867 675 3921 domat
696 3871 903 3935 Agamemnon.
944 3873 979 3921 At
1002 3873 1024 3922 si
1046 3869 1166 3922 Hectori
1184 3872 1265 3940 legis,
1289 3873 1356 3925 bueo
1377 3871 1489 3926 demum

169 3943 265 3996 credet
287 3949 392 3999 oratio:
416 3944 485 3997 Non
504 3950 582 3995 recte
604 3942 713 3995 dicettm
733 3941 878 4009 inuidere,
901 3948 933 3993 ut
951 3947 979 3994 si
996 3942 1116 3997 Hectori
1133 3946 1263 3999 invideat
1280 3949 1488 4016 Agamemnon.

172 4015 255 4089 Quod
275 4022 395 4090 ineptum
418 4034 475 4084 est,
496 4034 524 4073 et
545 4019 680 4072 Cicerone
701 4016 860 4086 indignum.
1399 4078 1405 4090 ι

246 4091 327 4145 Cur.
346 4095 423 4148 viii.
449 4090 604 4165 Dcfiniunt
621 4092 788 4156 Terrorem,
811 4101 915 4143 metum
933 4098 1153 4148 concutientem:
1176 4112 1213 4145 ec
1231 4113 1285 4167 quo
1302 4093 1360 4168 fit,
1385 4104 1417 4148 ut
1429 4116 1490 4170 pu.

170 4165 268 4218 dorem
283 4165 386 4235 rethor,
409 4177 548 4220 terrorem
562 4168 659 4241 pallor
675 4176 705 4219 et
725 4176 832 4220 tremor
851 4175 881 4218 et
899 4165 1024 4219 dentium
1041 4173 1166 4241 crepitus
1184 4171 1383 4243 consequatur]
1411 4173 1491 4228 Nihil

170 4245 279 4315 previus
299 4242 367 4296 itsec
386 4243 505 4297 lectione
523 4245 568 4297 vel
587 4244 717 4298 incultius
744 4243 934 4316 fingipoteer.
974 4242 1042 4297 Vide
1066 4249 1140 4297 enim
1167 4244 1234 4309 ilic,
1264 4244 1312 4297 Ile
1336 4264 1390 4318 quo
1415 4245 1507 4321 (ictis

170 4310 290 4388 terrore)
305 4312 365 4389 fit,
389 4326 422 4370 ut
440 4316 577 4389 pudorem
598 4318 684 4371 rubor
702 4324 848 4389 sequatur.
894 4315 987 4385 Quid,
1013 4318 1134 4384 melum,
1162 4324 1258 4373 terrori
1281 4338 1344 4374 cum
1366 4323 1490 4394 pudore?

169 4389 271 4453 didus,
294 4393 461 4460 tumbinuc,
484 4393 648 4447 Gebhardut
666 4393 815 4456 dederunt,
839 4408 928 4461 neque
947 4397 975 4446 in
993 4410 1065 4445 nuce
1083 4393 1145 4446 duri
1164 4393 1316 4465 quidquam
1336 4411 1490 4450 censerunt.

169 4468 206 4519 At
226 4481 283 4517 non
303 4469 342 4519 its
361 4467 515 4533 Victorius,
542 4486 632 4539 neque
651 4466 737 4521 codex
757 4482 819 4519 tuuc
838 4471 972 4537 scriptum
996 4471 1035 4521 sic
1052 4473 1125 4521 enim
1146 4486 1219 4522 recte
1236 4470 1352 4527 hebent:
1374 4469 1421 4522 Ec
1436 4488 1491 4544 quo
1511 4491 1514 4496 ·

164 4536 224 4613 fit,
247 4546 281 4590 ut
294 4539 432 4611 pudorem
449 4541 551 4609 rubor,
570 4544 628 4599 sic
647 4550 786 4595 terrorem
800 4541 896 4613 pallor
915 4547 943 4591 et
961 4549 1067 4593 tremor
1086 4549 1114 4594 et
1132 4541 1257 4596 dentium
1275 4550 1399 4617 crepitus
1417 4563 1491 4597 eon-

169 4621 313 4685 sequatur.
353 4619 409 4671 Ubi
431 4617 502 4672 illud
525 4623 637 4690 insuper
659 4616 948 4675 animadvertendum,
982 4618 1097 4689 Eiiipsin
1121 4617 1167 4671 hic
1188 4618 1253 4676 ,fieri
1283 4625 1490 4677 coniunctionis

170 4689 229 4743 UT.
268 4692 351 4745 Piens
370 4696 473 4766 quippe
489 4699 579 4746 cretio
597 4699 637 4746 sic
654 4690 739 4747 foret:
761 4690 808 4743 Ec*
827 4709 882 4761 quo
893 4688 954 4763 fit,
978 4708 1024 4756 ut,
1047 4700 1080 4743 ut
1093 4691 1230 4762 pudorem
1245 4695 1347 4760 rubor,
1366 4699 1407 4745 sic
1425 4701 1490 4745 ter-

170 4779 263 4816 rorem
277 4766 374 4837 palior
395 4783 448 4826 cet.
468 4775 667 4839 consequatur.
704 4770 767 4838 Qun
790 4766 905 4840 Eiiipei,
931 4770 1058 4821 uicinos
1079 4766 1385 4844 itliuntexempieris,
1410 4784 1490 4844 esepe

170 4842 255 4896 autur
275 4842 381 4899 metro.
