3384 5359
654 307 747 370 nus.
772 306 801 370 1.
841 304 883 370 c.
907 291 960 370 ne.
983 305 1037 370 so.
1086 377 1094 384 „
1459 307 1515 373 os

179 448 481 525 emtam-afferro
503 467 647 532 possum.
692 450 756 514 Sed
781 446 900 512 alias¹=
924 467 1024 524 utine,
1047 445 1161 511 ubiubl
1179 447 1220 511 sit
1242 446 1397 523 enimus³,
1428 456 1515 511 certe

179 543 350 628 quidemin
374 556 481 608 tecet.
528 544 619 624 erae
641 554 691 605 est
703 541 737 604 'ei
750 540 893 610 ,naturai
915 540 1076 624 Propria,
1099 554 1197 624 puto,
1222 553 1254 605 et
1277 564 1346 606 sua.
1382 545 1445 606 Sed
1463 543 1515 606 lac

178 640 325 726 igneam,
340 639 395 703 lac
408 638 613 721 spirabilem:
639 637 717 704 nihil
731 635 835 710 adid,
860 638 898 699 de
914 656 980 720 quo
997 635 1135 720 agimus.
1180 637 1265 701 Illud
1279 640 1376 702 modo
1391 636 1513 710 videto,
1596 659 1607 678 ⁷

178 749 215 799 ut
233 738 325 798 derisu
344 734 453 809 noris,
478 731 539 797 etsi
564 731 652 796 eius¹
666 730 798 817 ignores
814 730 996 805 etlocum,
1017 742 1048 794 et
1069 729 1182 794 faciem
1195 733 1273 806 ,sie
1293 732 1429 796 animum
1456 728 1515 792 tibi

177 841 268 893 tuum
295 841 408 892 notum
434 848 504 891 esse
531 837 704 909 oportere,
727 824 819 890 etiam
842 825 870 888 si
893 823 1048 909 ignorrs⁵
1077 837 1108 890 ct
1138 826 1264 901 locum,
1303 838 1335 891 et
1360 825 1513 889 formam.

180 927 235 988 it.
258 924 297 988 ln
313 921 408 986 animi
422 932 527 985 etitem
546 920 731 1004 cognitione
745 918 891 984 dubitare
903 940 968 984 non
987 940 1173 1001 possumus,
1198 920 1256 984 nisi
1274 921 1366 1003 plane
1381 919 1413 981 in
1428 918 1513 1000 phy·

177 1018 254 1082 sicis
276 1016 415 1100 plumbei
437 1036 565 1091 sumus,
588 1011 665 1099 quin
686 1013 762 1080 nihil
778 1014 820 1076 sit
846 1014 956 1078 animis
977 1013 1183 1090 adrrrixtum⁶,
1208 1015 1286 1079 nihil
1306 1025 1510 1086 concretum,
1597 1009 1606 1030 '

178 1112 258 1177 nihil
276 1111 476 1192 copulatum,
500 1109 580 1173 nihil
594 1119 870 1192 coagmentatum,
894 1108 972 1172 nihil
987 1108 1120 1189 duplex.
1167 1110 1264 1189 Quod
1278 1133 1375 1195 quum
1389 1107 1433 1171 ita
1450 1106 1508 1180 sit,

73 1233 87 1252 κ
178 1218 268 1271 certe
287 1226 344 1268 nec
370 1205 510 1278 secerni,
535 1225 594 1267 nec
612 1202 736 1278 dividi,
760 1223 819 1266 nec
844 1200 1000 1283 discerpi,
1026 1222 1084 1263 nec
1111 1201 1243 1266 distrahi
1271 1213 1398 1285 potest,
1434 1198 1513 1263 nec⁷

177 1301 311 1367 interire
333 1299 466 1384 igitur..
490 1300 550 1361 Est
576 1294 658 1361 enim
675 1296 819 1359 interitus
843 1296 936 1380 quasi
955 1295 1108 1358 discessus
1131 1291 1170 1358 et
1183 1299 1320 1361 secretio
1338 1319 1374 1359 ac
1397 1295 1512 1357 direm-

176 1394 274 1479 ptus⁸
293 1415 403 1458 earum
422 1392 576 1475 partium,
602 1412 683 1476 quae
703 1399 774 1453 ante
798 1389 960 1453 interitum
979 1388 1161 1456 iunctione⁹
1186 1391 1290 1478 aliqua
1308 1392 1511 1454 tenebantur.

178 1490 242 1555 llis
256 1500 287 1553 et
306 1487 418 1551 talibus
438 1485 650 1574 rstiQribus¹¹¹
666 1487 828 1560 adductus,
856 1482 1008 1546 Socrates
1027 1504 1086 1545 nec
1104 1497 1274 1563 patronum
1294 1483 1451 1569 quaesivit
1471 1483 1512 1545 ad

178 1584 324 1650 iudicium
339 1573 475 1663 capitis,
500 1601 559 1642 nec
583 1578 740 1642 iudicibus
760 1579 900 1660 supplex
924 1577 1003 1653 luit,
1027 1578 1231 1664 adhibuitque
1247 1579 1379 1646 liberam
1396 1590 1513 1643 contu·

161 1679 328 1756 ,nunciam
345 1697 363 1738 a
378 1673 591 1759 magnitudine
606 1671 699 1737 animi
711 1675 835 1736 ductam
846 1674 883 1747 ¹¹,
908 1693 973 1736 non
992 1693 1010 1734 a
1026 1673 1195 1753 superbia:
1214 1686 1244 1737 et
1261 1696 1410 1757 supremo
1428 1672 1511 1734 vitae

178 1772 228 1835 die
244 1774 283 1833 dc
299 1772 363 1834 hoc
377 1767 449 1851 ipso
465 1768 561 1832 mtilta
583 1766 748 1842 disseruit;
772 1778 804 1831 et
822 1766 933 1849 paucis
952 1776 1024 1828 ante
1050 1766 1179 1843 diebus,
1204 1789 1302 1852 quum
1319 1767 1413 1831 facile
1432 1789 1511 1849 pos·

177 1878 226 1928 set
244 1864 334 1927 educi
360 1884 377 1925 e
403 1863 567 1936 custodia,
598 1859 718 1936 noluit;
742 1873 775 1925 et
795 1882 893 1945 quum
911 1881 1012 1942 paene
1037 1859 1068 1924 io
1098 1883 1190 1924 nnanu
1217 1861 1280 1948 iarn
1310 1859 1512 1925 mortiferum

129 1949 135 1964 ’
177 1960 256 2024 iilud
277 1955 621 2040 teneret¹2p0eulum,
655 1955 853 2028 locutio-its
876 1967 943 2030 est,
974 1959 1094 2028 utnon
1113 1958 1153 2018 ad
1171 1955 1429 2032 mortemtrudi,
1455 1964 1511 2018 ve'·

176 2075 246 2117 rum
270 2053 301 2117 in
324 2052 445 2115 caelum
469 2049 633 2113 videretur
654 2051 825 2113 escendere
837 2050 879 2113 ¹¹.
924 2113 927 2120 ,
1109 2111 1113 2123 ,
1506 2077 1510 2084 ·

262 2148 380 2212 ΧΧΧ.
420 2145 473 2208 72.
507 2145 557 2208 lta
579 2142 662 2207 enim
684 2145 852 2221 censebat,
876 2143 1019 2227 iraqneft
1043 2143 1213 2208 disseruit:
1239 2147 1323 2219 duas·
1347 2163 1416 2206 esse
1443 2139 1512 2203 viss

177 2240 385 2324 duplicesque
414 2259 525 2301 cursus
556 2237 733 2301 aniciorum
762 2257 780 2300 e
809 2259 952 2319 corpore
963 2239 989 2277 ¹⁵
1012 2238 1243 2306 excedentium.
1303 2239 1383 2301 Nam
1403 2232 1457 2320 qui
1477 2255 1512 2297 sc
1543 2249 1544 2254 ’

176 2335 320 2418 humenis
334 2333 420 2398 vitiis
429 2334 455 2374 ¹⁶
474 2331 774 2396 contaminavissent
786 2331 821 2405 ¹¹,
847 2343 879 2394 et
890 2331 913 2372 ¹⁸
928 2354 963 2395 sc
978 2341 1066 2396 totos
1077 2330 1258 2395 libidinibus
1269 2329 1461 2394 dedidissent
1471 2328 1510 2403 ¹⁹,

177 2430 294 2513 quibus
315 2426 434 2492 caecati
455 2427 473 2464 ¹
483 2428 567 2490 nei²⁰
594 2426 774 2492 domesticis
787 2425 902 2488 vitiis²¹
915 2438 1009 2509 atque
1025 2425 1154 2510 flagitiis
1167 2443 1200 2488 se
1216 2424 1509 2510 inquinavissent22,

177 2524 232 2586 vel
245 2543 282 2585 re
299 2522 461 2605 publiea²³
479 2521 628 2585 violanda
644 2522 773 2598 fraudes
792 2519 1000 2614 inexpiabilep
1023 2520 1265 2602 concepissent,
1289 2520 1362 2583 iis²¹
1385 2518 1511 2584 devium

178 2617 337 2698 quoddam
356 2615 522 2691 iteresse,
559 2615 716 2678 seclusum
736 2635 753 2676 a
775 2613 913 2678 concilio
937 2616 1091 2678 deorrun:
1116 2614 1170 2698 qui
1189 2625 1290 2677 autem
1313 2614 1512 2697 reintegres

175 2718 346 2793 castosque
360 2708 623 2783 servavissent²⁵,
640 2708 818 2792 quibusque
832 2709 946 2772 suisset
962 2709 1084 2771 minime
1100 2732 1171 2772 cum
1187 2707 1381 2791 corporibus
1401 2720 1511 2771 conta-

177 2801 252 2886 gio,
275 2822 410 2886 seseque
435 2803 475 2864 ab
501 2801 587 2865 his²¹⁵
605 2822 731 2884 semper
759 2802 1019 2878 revocassent²⁷,
1057 2813 1227 2886 essentque
1253 2802 1283 2865 in
1317 2802 1510 2883 corporibus

176 2895 321 2956 humenis
343 2896 441 2956 vitam
457 2893 569 2958 initui
589 2897 740 2968 deorum
763 2893 847 2956 his²¹
870 2898 910 2958 ad
931 2895 1026 2970 iilos,
1050 2917 1067 2958 a
1088 2894 1203 2980 quibus
1227 2906 1332 2986 essent
1349 2893 1510 2977 proiecti,

176 2988 312 3052 reditum
332 2987 457 3051 facilem
481 2998 606 3071 patere.
666 2989 718 3051 73.
750 2988 898 3072 ltaqire¹⁹
932 3000 1180 3064 commemorat,
1215 3001 1250 3051 ut
1279 2989 1432 3074 cygui³⁰,
1458 2987 1513 3072 qui

176 3101 242 3146 non
275 3080 343 3145 sine
370 3103 465 3147 causa
493 3081 640 3166 Apollini
668 3080 763 3146 dicati
791 3084 911 3159 sint³¹,
947 3086 1004 3146 sed
1035 3086 1124 3169 quod
1150 3086 1196 3146 *ab
1223 3104 1262 3146 oo
1286 3079 1520 3175 divinationem

253 3383 292 3459 (¹)
316 3409 356 3426 ι·
383 3383 473 3436 malta
492 3376 598 3455 efferre
617 3385 650 3438 L.
668 3412 708 3427 -
726 3389 865 3437 rationem
893 3380 999 3454 afferre
1018 3383 1078 3438 Col.
1099 3384 1245 3458 Sapienter
1264 3384 1345 3439 Febr.
1364 3400 1513 3454 utrumque

178 3474 228 3531 pro
248 3458 380 3531 interpcl.
399 3458 506 3514 hebuit.
527 3459 564 3533 (2)
586 3460 633 3514 Sic
652 3462 684 3513 ii.
705 3460 737 3514 V.
758 3461 851 3516 Gebh.
871 3460 953 3531 Seqq.
973 3489 1009 3503 ·-
1029 3461 1131 3514 redde
1150 3460 1201 3512 laec
1219 3462 1294 3512 alias
1306 3459 1512 3515 persecut.

178 3533 216 3601 (³)
245 3533 292 3587 stc
311 3534 423 3589 cth.
443 3536 512 3589 loll.
531 3536 584 3592 W.
604 3540 631 3590 2.
651 3561 687 3577 -·
706 3536 874 3601 urrnc‚.1rbi
892 3555 915 3589 s.
935 3556 963 3589 a.
985 3537 1107 3590 PABn'F..
1135 3536 1225 3590 Gebb.
1248 3548 1274 3595 1.
1293 3553 1332 3590 oo
1349 3534 1402 3586 scd
1418 3536 1511 3599 alias,

179 3609 224 3659 ubi
242 3614 282 3661 sit
298 3614 410 3678 aptemus
428 3612 461 3665 u.
481 3613 533 3666 Gr.
553 3609 581 3664 b.
601 3599 679 3684 piob.
701 3612 791 3666 Bentl.
811 3602 847 3665 Ι).
899 3609 937 3687 (4)
956 3640 995 3654 -
1012 3629 1070 3668 out.
1090 3618 1148 3676 eius
1168 3613 1266 3666 Gebh:
1281 3623 1314 3669 1³
1355 3610 1392 3678 (⁵)
1413 3614 1461 3664 Sic
1480 3612 1512 3664 R.

178 3682 207 3736 b.
233 3685 336 3741 VDW.
361 3690 389 3739 2.
414 3715 453 3728 -
480 3691 593 3738 etiamsi
616 3691 676 3738 eius
700 3691 760 3754 ign.
790 3687 969 3741 PBSECML.
995 3686 1086 3742 Gebh.
1114 3687 1183 3741 Lcll.
1211 3699 1237 3747 1.
1257 3715 1292 3729 ·-
1320 3693 1374 3738 etsi
1401 3692 1459 3737 eius
1479 3689 1512 3739 A.

179 3758 218 3826 (ὅ)
237 3788 273 3802 -
292 3761 489 3814 animmadm.
509 3760 582 3815 Oliv.
597 3761 667 3815 Laii.
686 3790 722 3806 ι-
742 3751 891 3814 ἱηάηἰηιὶε
903 3769 1023 3814 nrixtum
1039 3768 1101 3817 iim.
1115 3780 1190 3835 susp.
1223 3763 1260 3836 (⁷)
1275 3791 1312 3806 -—
1324 3781 1358 3813 ue
1372 3759 1443 3815 lter
1458 3759 1509 3814 Cd.
1602 3763 1612 3772 “

179 3832 309 3902 schotti,
328 3841 389 3908 ipso
408 3836 489 3910 prob.
504 3835 553 3906 Χ(ὅ)
570 3863 609 3880 -
627 3835 752 3908 direptus
770 3837 954 3892 ABSECVM.
976 3838 1067 3893 Gebb.
1087 3847 1156 3906 (non
1177 3839 1284 3894 PCLD.
1305 3835 1399 3916 Seqq.)
1418 3833 1458 3908 (⁹)
1474 3866 1513 3878 -

177 3915 319 3963 emerim
339 3910 400 3964 Col.
420 3912 511 3976 ΟΠ..
537 3916 579 3965 uti
598 3912 709 3967 solebat
726 3913 760 3966 L.
807 3913 859 3987 (¹⁰)
878 3941 916 3958 -
934 3930 992 3968 om.
1012 3915 1169 3967 melonibus
1189 3915 1255 3973 Ml..
1294 3916 1348 3982 (¹¹)
1368 3942 1406 3957 ·-
1424 3911 1523 3970 indm.

177 3993 254 4036 etam
267 3987 439 4041 PaesEcv.
460 3986 511 4060 (¹2)
529 4017 568 4029 -
583 3997 642 4040 tum
657 4007 713 4060 pac
767 4020 787 4035 -
805 3996 941 4040 -tenens
960 3990 991 4043 li.
1013 3992 1080 4044 Alii.
1099 3990 1178 4064 prob,
1200 3989 1300 4055 Bentl,
1314 3993 1353 4043 ite
1367 4004 1459 4042 tamen
1480 4003 1512 4042 et

178 4065 256 4127 (oum
276 4062 606 4128 onustissimum.
633 4064 686 4132 (Β)
730 4070 755 4117 ic
772 4066 803 4119 li.
817 4065 854 4117 D.
866 4091 905 4108 -·
917 4067 1030 4117 ascend.
1043 4070 1102 4121 Cet.
1122 4066 1173 4140 (ῑὸ)
1186 4096 1226 4108 -
1238 4074 1322 4136 atque
1335 4066 1422 4120 Βοιὼ.
1437 4082 1512 4136 susp.

177 4134 286 4202 (15)-
304 4155 324 4188 a
342 4155 419 4209 corp.
440 4147 466 4196 1.
483 4157 539 4191 err.
558 4154 667 4212 typogr.
700 4139 764 4213 »(16)
784 4169 822 4182 -
839 4140 1005 4192 immanibus
1023 4141 1212 4196 vitiis‘Bcntl.
1233 4158 1307 4210 susp.
1327 4169 1364 4182 -··
1383 4140 1512 4192 Immanis

177 4211 339 4282 corporibus
347 4211 576 4276 deffioltstttedtii
595 4212 626 4269 Ε.
646 4214 712 4269 sch.
733 4221 760 4272 2.
781 4214 831 4281 (¹⁷)
849 4237 888 4272 ,τ
905 4223 1145 4270 comanunassent
1165 4217 1392 4272 PABSECVML.
1409 4216 1511 4290 (¹⁸)-

176 4295 229 4337 aaae
254 4287 345 4341 Benrl.
375 4306 449 4361 susp.
499 4288 551 4358 (¹⁹)
569 4318 609 4332 -
625 4287 766 4342 dedissent
785 4292 835 4345 Gr.
856 4290 998 4345 Aliicdil.
1020 4294 1109 4347 (seih.
1130 4293 1204 4346 solus
1225 4313 1258 4348 ex
1278 4290 1347 4344 edd.
1398 4289 1510 4366 (2⁰)1ie

177 4361 268 4417 Benit
297 4362 327 4420 Ε.
356 4364 392 4416 D.
419 4364 501 4444 Seqq.
527 4387 566 4404 -
589 4365 638 4415 vel
659 4371 690 4417 in
709 4366 783 4419 dom.
804 4367 844 4428 M.
865 4395 902 4410 -
919 4367 995 4419 veliet
1014 4369 1088 4422 dom.
1109 4368 1178 4422 Cdd.
1201 4367 1395 4426 Pessstcvt..
1417 4368 1523 4444 Gobii..

174 4438 231 4508 (2¹)
248 4461 284 4478 -
303 4444 411 4511 stupris
438 4439 529 4494 Bentl.
556 4458 631 4512 susp.
651 4470 689 4483 -
707 4442 755 4492 erl
772 4441 932 4498 domesticis
943 4444 1070 4511 flagitiis
1093 4443 1316 4517 Wyuenbechio
1335 4442 1510 4500 tribuisset).

175 4508 257 4585 Apo'd
282 4515 433 4588 Wytteob.
460 4514 493 4568 ed
522 4513 631 4567 etad.
653 4536 680 4589 p.
700 4521 764 4574 208.
785 4535 836 4588 rgo
855 4536 912 4571 non
932 4525 1031 4591 reperii
1060 4519 1111 4571 cir.
1132 4524 1216 4578 eriam
1238 4521 1343 4572 (ichen.
1364 4517 1463 4588 Eelog.
1484 4537 1512 4589 p.

175 4593 243 4644 227.
279 4586 332 4662 (η)
362 4612 400 4647 =
431 4589 624 4661 inprimens
651 4581 809 4646 iuncus.
862 4594 912 4661 (2³)
942 4594 1048 4649 ecee.
1069 4595 1159 4650 omn.
1181 4596 1263 4664 seqq.
1281 4595 1321 4635 -’
1337 4593 1386 4644 vei
1402 4599 1432 4646 n.
1451 4614 1510 4663 ηρ.

175 4662 404 4720 Ptessscvntt.
443 4665 493 4740 (²¹)
519 4681 557 4719 so
581 4665 626 4717 his
657 4669 688 4721 li.
714 4668 750 4721 D.
788 4667 839 4743 (2⁵)
864 4692 902 4727 ς
929 4681 1093 4722 servassent
1118 4674 1149 4726 C.
1189 4669 1241 4740 (²⁶)
1265 4686 1303 4723 oo
1328 4668 1364 4724 ab
1393 4674 1430 4720 tis
1458 4669 1510 4722 se.

174 4736 228 4811 (²⁷)
246 4757 286 4792 =
309 4745 520 4792 revocavissent
546 4745 594 4795 Gr.
622 4743 701 4795 PAB.
739 4741 790 4816 (¹⁸)
815 4761 854 4797 oo
878 4749 913 4796 iis
933 4746 984 4799 SE.
1016 4739 1075 4819 (ab)
1096 4775 1131 4789 ·-
1151 4747 1198 4798 Ita
1217 4747 1283 4800 Ern.
1307 4754 1331 4804 i·
1351 4743 1402 4798 W.
1423 4750 1449 4799 2.
1471 4760 1512 4796 ta·

76 4822 81 4830 '
174 4820 241 4867 cite.
262 4812 558 4888 clr.·Wyuenb.‘ad
582 4815 685 4869 phud.
707 4837 732 4888 p.
753 4823 817 4878 226.
837 4820 1067 4894 ,imi-cycnis
1089 4823 1118 4876 l..
1139 4820 1168 4877 G.
1190 4822 1268 4893 prob.
1288 4821 1377 4874 Boulr.
1400 4818 1522 4874 llelotet'
1631 4805 1635 4816 ¹

175 4890 287 4944 Nissen.
326 4889 377 4965 (³¹)
398 4895 444 4948 Sic
464 4891 533 4946 cdd.
555 4892 683 4947 Bentleii.
703 4894 771 4949 Ern.
793 4903 818 4955 1.
837 4898 891 4956 W.
913 4902 940 4950 2.
954 4889 1067 4978 q-'auut
1081 4896 1150 4952 tidd.
1164 4915 1228 4952 ente
1240 4899 1318 4964 Ero„
1330 4901 1414 4949 etiem
1427 4897 1460 4949 t.
1475 4896 1510 4948 D.

1533 4036 1568 4112 s
