3384 5359
205 260 291 358 ‘sao
479 290 871 395 nuscunaunnnu
893 292 1291 384 ιιιιιιιιιιιριιιιιι

229 456 267 500 ac
288 418 442 501 locum
416 456 482 500 stne
504 434 651 499 molestia
673 446 769 519 atque
789 442 916 521 augore
935 433 1085 510 vivendi3
1118 446 1172 512 ut,
1204 457 1426 543 quemcunque
1447 458 1551 505 casum

226 512 387 595 soituna
379 531 556 611 msererit,
579 532 664 592 hunc
685 541 760 613 apte
783 534 816 592 et
836 529 942 635 quiete
962 529 1065 592 ferat:
1090 532 1179 615 quod
1200 528 1255 614 qui
1275 530 1390 610 saciet,
1414 555 1480 599 non
1502 556 1562 599 ae·-

201 614 514 710 .gr1tudrnesolum
538 623 682 701 vacabit,
718 625 776 687 sed
804 623 899 686 etiam
920 622 1218 704 perturbationibus
1239 624 1372 709 reliquis
1395 628 1553 692 omnihus.

207 718 289 787 .His
308 729 410 781 autem
430 738 548 781 vacuus
556 715 686 781 animus
708 716 851 801 perfecte
874 712 969 800 utqui
991 716 1138 780 absolute
1159 719 1272 787 beatos
1296 719 1555 796 ellicit¹3ide1u·

228 833 291 919 que
301 792 491 875 concitatus
513 814 546 874 et
568 812 745 874 abstractus
768 814 809 873 ab
831 811 957 896 integra
976 824 1127 897 certaque
1149 812 1292 890 ratione,
1317 835 1384 879 nou
1406 827 1556 879 constan·

160 900 167 917 ⁸
223 906 302 971 tiam
323 906 425 970 solum
448 906 579 978 amittit,
611 926 721 969 verum
752 904 847 969 etiarn
869 906 1070 969 sanitatem.
1091 904 1253 986 Quocirca
1279 907 1384 971 mollis
1411 920 1443 972 et
1463 930 1555 973 cuer·

228 1012 303 1064 vata
323 1003 461 1082 putanda
484 1012 532 1065 est
553 998 845 1082 Pet-lpateticornm
870 1000 954 1065 ratio
981 1012 1012 1064 et
1037 999 1183 1075 oratio¹;
1207 1001 1261 1085 qui
1283 1002 1466 1083 perturbari
1491 1003 1564 1067 ani--

227 1114 297 1158 mos
322 1110 452 1163 necesse
473 1093 581 1158 dicunt
610 1095 722 1171 esse-¹,
746 1095 803 1156 sed
824 1092 975 1157 adhibent
996 1097 1124 1159 modum
1146 1097 1322 1177 quendam,
1358 1115 1451 1180 quem
1474 1098 1556 1160 ultra

136 1231 142 1242 .
227 1186 385 1271 progredi
406 1207 471 1252 non
494 1198 657 1270 oporteat.
712 1187 926 1252 nullodum
948 1200 983 1250 tu
1004 1187 1134 1251 adhibes
1157 1188 1264 1252 vitio?
1285 1210 1324 1254 an
1354 1190 1464 1253 vitium
1487 1191 1556 1254 nul·

180 1274 293 1345 Ulum
327 1291 395 1357 cst,
430 1302 494 1346 nou
519 1301 633 1363 parere
659 1279 798 1345 rolloni?
833 1302 873 1342 an
896 1281 979 1344 ratio
1005 1303 1117 1364 parum
1142 1281 1317 1365 praecipit,
1350 1304 1411 1346 uec
1436 1285 1557 1349 honum

227 1375 307 1440 illud
330 1394 417 1450 csse,
441 1377 530 1458 quod
555 1386 607 1437 aut
629 1372 737 1457 cupias
765 1376 931 1451 ardenter,
964 1388 1019 1438 aut
1048 1377 1181 1458 adeptus
1203 1378 1319 1453 etseras
1338 1379 1391 1439 te¹
1416 1378 1556 1441 insolen-

227 1466 302 1531 ter?
337 1488 397 1531 nec
432 1488 534 1549 porro
561 1468 695 1543 malurn,
735 1488 800 1550 quo
821 1480 878 1549 ‚aut
901 1491 1076 1552 oppressus
1101 1470 1224 1545 iaceas,
1263 1484 1338 1547 aut,
1378 1493 1417 1535 ne
1444 1475 1558 1557 oppri-

228 1582 336 1638 mare,
371 1573 475 1640 mente
508 1560 564 1623 vix
584 1560 740 1625 constes?
778 1583 881 1646 eaque
908 1563 1091 1628 omnia'aut
1112 1563 1206 1627 nimis
1226 1566 1350 1644 tristia,
1369 1577 1443 1630 ·aut
1466 1567 1556 1630 nimis

228 1653 333 1728 laeta,
372 1675 485 1719 errore
507 1654 604 1718 fieri?
638 1654 753 1735 Qui
727 1677 755 1718 ιι
789 1676 885 1720 error
910 1658 1013 1720 stultis
1039 1670 1229 1721 extenuetur
1254 1661 1324 1736 die,
1363 1672 1420 1739 ut,
1460 1683 1566 1746 quum-v

229 1768 283 1811 res
307 1750 415 1810 eadem
437 1749 605 1823 maneat⁵,
629 1748 721 1814 aliter
744 1749 906 1813 Ierautss'
897 1763 1094 1827 inveterata,
1125 1753 1217 1818 aliter
1239 1755 1398 1818 recentia:
1432 1756 1567 1838 sapien·-

224 1834 296 1906 tes⁷
323 1863 362 1904 ue
384 1840 517 1926 attingat
538 1834 663 1926 quidem
696 1843 839 1908 omnino.
899 1847 952 1908 to.
984 1845 1113 1909 Etenim
1144 1848 1214 1930 quis
1241 1850 1304 1912 erit
1331 1852 1457 1913 taudem
1487 1871 1557 1916 mo·

230 1939 287 1999 dus
312 1934 397 2001 iste?
430 1935 628 2015 Quaeramus
663 1935 766 1998 eni'rn8
789 1940 919 2002 modurn
949 1940 1201 2024 aegritudinisl,
1237 1943 1270 2004 in
1301 1945 1411 2028 qua¹⁰
1436 1964 1555 2027 operae

228 2028 398 2115 plurimum
421 2029 563 2111 ponitur.
608 2030 718 2113 Aegre
744 2029 863 2095 tulisse.
877 2034 919 2097 P.
948 2033 1147 2115 Rupilium¹¹
1168 2034 1278 2101 fratris
1298 2038 1457 2120 repulsam
1479 2057 1556 2103 con-

228 2124 368 2198 sulatns,
392 2123 545 2205 scriptum
566 2125 650 2205 apud
667 2124 822 2189 Fannium
844 2137 929 2189 est..
951 2129 1015 2191 Sed
1037 2120 1138 2191 ta'rnen
1160 2131 1312 2195 transisse
1337 2131 1465 2195 videtur
1486 2152 1557 2215 mo·

129 2211 137 2219 ’
229 2219 360 2293 dum¹¹;
398 2217 516 2304 quippe
538 2215 594 2302 qui
622 2218 664 2280 ob
695 2238 762 2279 eam
789 2240 916 2285 causam
940 2243 958 2285 a
982 2221 1059 2289 rita
1070 2224 1244 2287 recesserit
1255 2227 1294 2289 ¹³.
1352 2226 1556 2289 Moderantius

230 2309 331 2397 igitur
351 2309 440 2374 ferre
463 2313 582 2374 debuit.
635 2309 743 2391 Quid?
773 2311 819 2390 si,
844 2338 942 2399 quum
965 2315 998 2378 id
1022 2315 1126 2390 ferret
1152 2318 1296 2396 modice,
1320 2340 1408 2382 mors
1435 2317 1554 2383 libero-

230 2427 300 2468 rum
329 2403 543 2469 accessisset?
572 2417 646 2468 nata
673 2416 756 2468 esset
771 2408 949 2493 aegritudo
974 2430 1071 2473 nova.
1102 2442 1144 2453 —
1180 2414 1269 2485 „Sed
1297 2434 1336 2476 cn
1357 2413 1553 2478 modicum
1546 2413 1570 2437 ’²

231 2528 273 2545 -·
299 2498 449 2593 Magna
455 2509 557 2561 tamen
588 2498 674 2562 facta
705 2510 807 2576 esset
817 2522 1005 2568 accessio
967 2502 992 2542 ¹⁵
1061 2502 1171 2583 Quid?
1206 2506 1269 2569 ι116
1290 2507 1402 2571 deiude
1426 2508 1554 2573 dolores

228 2614 347 2678 granu
370 2582 537 2675 corporis,
562 2593 588 2656 si
609 2596 769 2658 bonorum
794 2594 940 2670 amissio,
964 2593 992 2658 si
1015 2590 1175 2675 caecitas,
1200 2618 1226 2662 sn
1219 2597 1414 2665 exsilium?
1437 2601 1471 2664 Si
1493 2623 1554 2684 pro

229 2687 367 2772 singulis
384 2681 511 2750 malis¹⁷
537 2687 750 2773 aegritudines
782 2692 988 2766 accederent,
1021 2711 1141 2795 summ
1166 2713 1202 2756 ea
1224 2694 1344 2767 fieret,
1383 2716 1469 2779 quae
1492 2717 1555 2760 uon

230 2780 454 2845 sustineretur.
577 2785 583 2797 '
1320 2812 1324 2819 ·

314 2875 451 2939 XVIII.
469 2875 522 2938 11.
541 2874 605 2957 Qui
620 2876 773 2942 modurn
763 2871 861 2964 igitur
876 2878 956 2943 vitio
971 2877 1107 2963 quaerit,
1119 2877 1261 2943 similiter
1272 2881 1360 2958 facit,
1369 2893 1404 2945 ut
1418 2882 1446 2945 si
1459 2904 1554 2966 posse

229 2979 321 3054 putet
335 2989 424 3046 eum,
450 2967 505 3051 qui
520 2990 554 3033 se
569 2991 586 3032 e
602 2970 780 3035 Leucata¹¹
794 2972 1075 3062 praecipitaverit,
1099 2975 1256 3038 sustinere
1270 2996 1324 3051 se,
1351 2990 1447 3058 quum
1464 2977 1553 3040 velit.

231 3065 279 3129 Ut
289 3063 371 3127 enim
383 3062 416 3126 id
430 3084 494 3129 ιιοιι
510 3076 636 3146 potest,
660 3066 707 3129 sie
722 3065 841 3130 animus
853 3071 1058 3149 perturbatus
1074 3064 1106 3129 et
1120 3060 1268 3132 incitatus
1281 3090 1339 3132 uec
1353 3071 1505 3135 cohibere
1520 3091 1554 3133 se

228 3170 355 3263 pptest,
372 3179 451 3234 nec,
469 3181 534 3242 quo
550 3160 625 3224 loco
641 3161 729 3238 vult,
748 3159 912 3224 insistere:
934 3161 1145 3242 omninoque,
1163 3163 1279 3246 quae¹⁹
1293 3162 1468 3226 crescentia
1482 3185 1555 3246 per·

229 3250 352 3316 niciosa
366 3263 455 3329 sunt,
480 3255 589 3317 eadem
605 3266 678 3316 suut
691 3253 803 3319 vitiosa
818 3253 988 3337 nascentia.
1024 3254 1076 3317 42.
1100 3256 1282 3340 Aegritudo
1297 3268 1399 3320 autern
1413 3268 1552 3319 ceterae-¹

230 3367 303 3430 que⁶
318 3348 595 3427 perturbationes,
628 3348 833 3435 amplificatae
864 3359 972 3423 certe,
1003 3347 1175 3430 pestiferae
1207 3360 1297 3413 scrut:
1330 3350 1430 3434 igitur
1461 3351 1552 3413 etiarn

230 3450 418 3521 susceptae,
451 3442 602 3507 continuo
624 3443 655 3506 iu
675 3463 787 3527 magna
805 3441 904 3523 pestis
928 3453 1020 3523 parte
1042 3456 1225 3507 versantur.
1269 3444 1395 3508 Etenim
1415 3444 1503 3526 ipsae
1521 3465 1552 3508 se

228 3532 404 3615 impellunt,
427 3535 482 3598 ubi
495 3537 592 3598 semel
607 3557 625 3599 a
638 3536 764 3599 ratione
781 3538 949 3599 discessum
967 3548 1034 3599 est:
1058 3536 1191 3622 ipsaque
1209 3538 1271 3602 sibi
1292 3537 1492 3601 imbecillitas
1504 3530 1552 3602 in·

228 3628 359 3711 dulget,
382 3627 415 3690 in
442 3628 602 3712 altumque
628 3629 819 3712 provehitur
847 3628 1055 3712 imprudens,
1090 3653 1148 3694 uec
1170 3635 1292 3719 reperit
1313 3634 1420 3696 locum
1449 3633 1553 3696 consi·

144 3867 148 3875 ,
303 3816 407 3895 (1)-
369 3818 530 3870 -beatus
558 3811 681 3890 ffcr'tur
706 3824 776 3881 mira
802 3819 838 3872 D.
866 3838 940 3894 susp.
991 3822 1030 3889 (¹)
1056 3847 1091 3862 -
1115 3831 1144 3874 et
1170 3828 1264 3877 oratio
1284 3841 1442 3896 suspectum
1461 3820 1551 3879 Bonh.

230 3892 268 3961 (³)
288 3892 387 3948 sicu.
406 3894 497 3952 D.
460 3915 498 3930 ·-
517 3910 576 3947 erae
595 3895 693 3947 dictent
711 3897 812 3952 Ceteri.
860 3894 961 3969 (¹).-
922 3915 961 3928 ···
980 3904 1007 3947 te
1027 3892 1131 3967 efferas
1151 3900 1353 3953 PABSECMI.
1374 3900 1423 3974 (ε
1441 3899 1553 3972 essem

229 3977 260 4021 te
285 3970 332 4037 11.)
367 3967 420 4043 (⁵)
447 3998 484 4013 -
509 3989 555 4022 res
578 3970 674 4023 eadem
694 3971 876 4024 massanell.
894 3986 933 4023 ω
952 3989 982 4021 re
1002 3972 1099 4025 endem
1117 3984 1250 4025 maneant
1268 3971 1303 4028 u'e
1320 3976 1412 4031 Bentl.
1433 3976 1552 4047 bonag.

229 4043 323 4096 D.—
341 4044 451 4096 eaedem
469 4047 740 4107 resmnneantPE.
779 4044 1290 4119 (⁶)-fera2021.ABsEcvn1t.
1321 4050 1554 4181 (Dp-sapien-

229 4126 286 4170 tem
307 4119 378 4176 Ota.
398 4121 605 4177 PACSDCML.
626 4126 695 4189 (nou
716 4119 760 4195 V)
807 4121 832 4195 (¹
865 4127 1012 4191 -rgitur
1032 4123 1105 4185 021.
1125 4123 1202 4178 Leid,
1223 4126 1300 4197 prob
1347 4127 1411 4179 ouh.
1459 4126 1554 4201 (⁹)-

230 4195 405 4262 aegritudr‘tu'
425 4200 475 4250 Da
527 4195 577 4272 (¹⁰)
598 4198 644 4250 sic
664 4197 734 4254 011.
755 4198 800 4250 AV
863 4198 981 4251 ..Gebh
1000 4197 1079 4257 DW.
1112 4144 1233 4253 Sensus‘¹
1234 4216 1294 4254 est:
1326 4205 1374 4268 „in
1393 4218 1446 4274 qua
1466 4208 1556 4275 aegri·

231 4270 326 4322 tudine
352 4269 478 4343 pellenda
504 4286 518 4322 a
545 4272 763 4399 Peripatertcts''
790 4289 844 4325 cet.
869 4277 956 4326 sein
974 4273 1072 4343 qu,ob
1093 4274 1215 4329 PBSEC.
1235 4275 1305 4330 Lnll
1326 4242 1364 4334 1,
1368 4283 1399 4332 2.
1450 4277 1501 4353 (¹¹)
1520 4278 1554 4332 ds

229 4329 353 4399 Munatii
378 4350 515 4399 sententia
544 4348 597 4405 W.
622 4354 648 4402 2.
676 4345 726 4401 cfr.
755 4346 788 4398 de
815 4292 993 4417 Amicitiag.
1014 4355 1117 4409 37.-·
1104 4350 1268 4405 Rutilium
1289 4354 1380 4407 Ceteri
1401 4371 1465 4407 cum
1485 4352 1554 4411 Cdd.

229 4424 315 4473 notis.
367 4419 474 4496 (¹2)..
437 4440 474 4452 -
493 4421 604 4475 modrem
621 4423 680 4476 vid
701 4422 859 4477 PABCML.
911 4424 962 4495 (Β)
982 4442 1053 4474 —e
1072 4430 1134 4475 vita
1153 4426 1303 4478 decesserit
1326 4430 1355 4481 L.
1407 4426 1458 4502 (¹)
1487 4430 1557 4483 Cor

228 4494 752 4567 ruptumhocvidebatanalnbino,
782 4496 966 4574 (suspicantl:
996 4517 1099 4551 necea
1118 4503 1246 4567 modica,
1273 4511 1324 4553 aut
1342 4508 1368 4555 si
1387 4510 1474 4557 etiam
1493 4502 1557 4559 riae·

228 4569 315 4646 dien.)
343 4601 381 4613 -
408 4570 453 4623 Sit
481 4592 515 4624 ea
543 4572 652 4625 modr'ca
676 4562 709 4626 de
737 4575 829 4628 Bentl.
857 4572 886 4630 Ε.
912 4575 948 4627 D.
974 4577 1058 4629 Recte
1086 4573 1179 4630 locum
1207 4576 1353 4653 explicavit
1373 4585 1430 4631 iam
1450 4581 1557 4708 Faberio.

229 4646 280 4714 (¹⁵)
305 4676 343 4690 -
367 4652 523 4701 accessione
551 4649 610 4703 Col.
638 4649 717 4724 prob.
738 4649 846 4705 Febric.
897 4649 1004 4719 (¹¹)-
967 4650 1100 4723 -quod
1116 4658 1142 4702 st
1160 4655 1226 4707 Ern.
1248 4672 1321 4727 susp.
1372 4655 1481 4726 (¹¹)—

228 4723 311 4773 matrs
336 4723 385 4777 Gr.
414 4725 502 4776 Verba
526 4728 592 4775 ιί-
611 4724 812 4777 -aecederent
831 4723 955 4798 plerique
975 4744 1082 4798 praeter
1101 4726 1135 4782 D.
1156 4746 1183 4781 et
1205 4731 1257 4785 W.
1278 4732 1312 4783 ad
1332 4735 1452 4801 priorm
1473 4737 1582 4784 tuter..

228 4803 402 4868 rogationem
423 4801 545 4854 trahunt.
584 4799 694 4874 (¹¹)=
712 4800 837 4855 Ειιιιαᾰσ
857 4800 1064 4859 ABSECVML.
1106 4803 1158 4889 (¹⁹)
1177 4822 1242 4861 cusu
1261 4806 1331 4865 Bak.
1351 4822 1377 4862 et
1392 4808 1462 4866 Οὸι.
1477 4807 1556 4869 DW.

207 4875 257 4929 ⁴2.
278 4900 314 4915 -·
330 4877 463 4933 munitm
482 4893 603 4949 quaeque
622 4880 731 4946 Ceteri,
750 4875 881 4931 etiummb

357 5143 371 5187 1
