3384 5359
676 321 785 387 PAR.
810 320 858 385 V.
904 318 946 386 C.
969 320 1002 385 2.
1438 320 1497 386 191
1575 350 1577 355 >

171 483 258 544 quos
281 461 433 525 caelatum
457 472 643 546 argentum,
667 483 749 547 quos
772 459 941 527 Corinthia
964 481 1084 543 opera,
1108 478 1189 545 quos
1210 458 1350 525 aedilicia
1373 460 1497 549 magni·
1534 462 1540 473 '

162 558 233 620 'tica
254 557 349 620 nimio
372 576 472 638 opere
490 557 659 619 delectant.
702 557 772 628 „At
794 556 942 630 sumus1,
964 554 1108 641 inquit2,
1131 553 1267 618 nautis
1281 552 1511 637 principee³.”·

171 650 248 712 Vos
271 670 352 712 vero
375 670 414 711 ue
434 652 629 712 seruorumi
651 647 777 733 quidem
811 661 992 714 vestrorunt
1020 649 1180 732 principes
1210 648 1296 712 estis.
1349 650 1402 712 tt.
1433 651 1498 714 Sed

170 755 208 807 ut
231 742 262 806 in
284 742 426 818 latnilia,
457 743 512 825 qui
534 754 668 805 tractant
692 743 788 820 ista⁵,
821 743 877 826 qui
898 741 1066 827 tergenti,
1097 740 1153 827 qui
1174 753 1315 826 ungunt,
1346 742 1401 827 qui
1423 764 1496 806 ver·

172 849 268 909 stent,
293 840 348 921 qui
370 848 547 920 spargunt,
572 857 635 899 non
660 835 913 900 honestissimum
935 835 1041 900 locum
1063 833 1225 899 servitutis
1246 847 1372 898 tenent:
1397 835 1443 899 sie
1463 835 1496 899 iu
1534 839 1538 847 '

172 930 322 1005 civitate,
357 929 414 1015 qui
435 952 471 993 se
491 931 623 1008 istarum
645 946 750 1002 nestun
775 929 996 1012 cupiditatibus
1018 927 1242 1003 dediderunt⁷,
1274 927 1373 1010 ipsius
1395 928 1497 992 set-vid

174 1024 275 1086 ttrtis⁸
298 1023 401 1087 locum
425 1047 523 1105 paetus
546 1025 684 1087 infimum
708 1023 864 1088 obtinent.
910 1024 1076 1106 „Magna‚
1109 1021 1250 1107 inquit⁹‚
1284 1023 1366 1107 bella
1389 1021 1495 1107 gessit

174 1116 298 1201 magnis
320 1117 460 1199 imperiis
483 1130 514 1180 et
537 1117 710 1199 provinciis
732 1112 896 1198 praesui.''
947 1116 1034 1179 Gete
1056 1114 1156 1200 igitur
1178 1114 1312 1181 animum
1335 1116 1427 1179 laude
1448 1114 1496 1178 di·

175 1233 284 1296 gnum.
329 1211 481 1274 Eehionis
493 1215 517 1251 ¹⁰
539 1212 646 1274 tabula
671 1222 701 1273 te
722 1211 881 1291 stupidum
904 1209 1040 1284 detinet,
1064 1218 1118 1271 aut
1139 1207 1264 1292 signum
1280 1208 1412 1290 aliquod
1426 1210 1494 1272 Po-

175 1303 316 1385 lycleti.¹
340 1305 438 1369 Mitto
451 1308 492 1381 ¹¹,
517 1308 600 1367 unde
621 1298 807 1377 sustuleris,
838 1305 932 1386 [1111]
956 1304 1118 1386 quomodo
1140 1302 1272 1367 habeas.
1317 1302 1495 1365 intuentem

173 1409 225 1474 te,
260 1399 482 1475 admirantem,
517 1399 672 1462 clamores
701 1399 899 1462 tollentem¹³
921 1419 1015 1480 quom
1036 1395 1154 1471 rideo,
1188 1416 1316 1458 servum
1339 1397 1404 1458 te¹l
1425 1415 1495 1458 esse
1573 1408 1579 1417 “

111 1501 117 1512 ’
172 1491 360 1573 ineptiarnm
383 1492 522 1555 omnium
545 1491 665 1554 iudico.
709 1491 762 1554 33.
793 1494 933 1574 „Nonne
945 1492 972 1531 ¹⁵
994 1489 1093 1574 igitur
1115 1499 1188 1553 stent
1209 1488 1267 1581 ista
1279 1489 1308 1539 11
1327 1484 1518 1579 scativa''i'⁸

173 1587 243 1649 Sint
256 1587 293 1648 ¹⁷.
343 1587 424 1648 llam
454 1607 513 1650 nos
536 1605 664 1670 qnoque
687 1585 800 1650 oeulos
822 1584 966 1649 eruditos
988 1586 1152 1648 habemus.
1204 1583 1267 1651 Sed
1289 1585 1427 1647 obsecro
1444 1574 1494 1655 te,

133 1694 139 1701 ’
172 1679 216 1741 ita
238 1689 370 1740 vcnttsta
395 1678 572 1742 habeantur
593 1677 671 1752 ista,
704 1698 767 1742 non
790 1689 823 1741 ut
845 1679 971 1743 vincula
993 1676 1135 1741 virorum
1156 1677 1238 1754 sint,
1252 1678 1318 1740 ‘sed
1340 1687 1374 1740 ut
1388 1678 1413 1717 ¹⁸
1428 1668 1497 1741 'ob-

172 1773 359 1834 lectamenta
389 1790 576 1853 puerorum.
632 1769 718 1851 Quid
746 1772 828 1834 enim
858 1770 991 1834 censes?
1027 1769 1053 1833 si
1083 1772 1126 1834 1..
1150 1769 1326 1835 Mummius
1359 1769 1519 1854 aliquem,

171 1866 306 1928 istorum
330 1866 450 1928 videret
472 1864 685 1928 matellionem
708 1862 910 1928 Corinthium
933 1862 1133 1947 cupidissime
1159 1874 1365 1939 tractantem,
1399 1886 1494 1948 quum
1533 1914 1537 1919 .

172 1958 244 2039 ipse
267 1971 363 2045 totam
389 1957 579 2022 Corinthum
602 1957 864 2040 contempsisset:
895 1969 1001 2021 utrum
1030 1956 1116 2021 illum
1147 1957 1247 2021 civem
1278 1959 1495 2038 excellentem,

172 2071 214 2114 sn
235 2052 441 2115 atriensem¹⁹
462 2052 645 2137 diligentem
667 2050 815 2134 putaret?
838 2050 1058 2116 Reviviscat²⁰
1080 2050 1130 2116 Μ’
1146 2049 1284 2127 Cetrius,
1309 2062 1496 2119 autentum

170 2270 307 2319 atrienses
333 2282 366 2320 se
393 2271 522 2340 topiarii,
550 2266 638 2322 infimi
658 2272 751 2341 potius
771 2270 879 2340 genesis
898 2260 999 2334 seriis)
1024 2270 1099 2338 itque
1118 2265 1250 2319 lentiores
1270 2262 1339 2318 sdeo
1358 2262 1497 2318 intendant

170 2341 335 2415 superbiunt
364 2341 498 2415 stulteque
526 2361 556 2406 se
584 2344 718 2411 efferunt,
749 2358 779 2398 ut
805 2346 966 2397 servitutem
992 2359 1022 2396 se
1048 2345 1149 2395 servire
1174 2357 1261 2414 paene
1286 2339 1497 2407 obliviscantur,

170 2433 337 2488 quemquam
358 2422 428 2471 servi
449 2416 629 2472 nihilominus
650 2434 729 2484 sant,
750 2433 831 2489 atque
851 2423 945 2489 quavis
965 2417 1034 2470 hors
1052 2432 1067 2469 a
1087 2414 1211 2470 dominis
1228 2419 1301 2469 inter
1313 2413 1496 2469 mediastinus

170 2491 314 2546 atttendari
336 2509 465 2565 possunt,
483 2512 540 2547 non
560 2500 652 2547 minor
672 2510 737 2546 sane
757 2509 799 2547 est
817 2510 912 2546 eorum
933 2492 1071 2558 stultitia,
1100 2497 1148 2564 qni
1167 2509 1229 2545 vere
1248 2490 1349 2544 liberos
1369 2507 1399 2544 se
1421 2488 1497 2542 arbl-

171 2583 298 2635 trantur‚
317 2572 369 2621 etsi
388 2572 548 2641 signorum,
570 2569 781 2622 Corinthiorum
801 2586 917 2642 operum
938 2582 992 2621 eet.
1011 2572 1081 2622 servi
1101 2582 1180 2632 sunt,
1199 2570 1289 2621 nimio
1309 2582 1391 2619 orere
1412 2582 1497 2637 quum

170 2643 240 2696 eatis
260 2660 308 2697 ens
327 2642 475 2697 delectent.
485 2644 501 2667 ”
519 2673 558 2688 -
596 2643 703 2698 Multos
722 2649 807 2697 ettam
827 2647 1022 2716 sagacissimos
1042 2647 1114 2695 visos
1134 2643 1204 2695 haec
1223 2640 1326 2714 brsehy
1340 2646 1402 2715 ogia
1421 2640 1498 2694 fefel-

169 2717 220 2771 lit:
241 2737 265 2771 v.
284 2735 310 2772 e.
330 2717 518 2786 Lsntbinnns,¹
535 2723 581 2791 qui
600 2719 692 2773 locum
714 2723 754 2772 ita
774 2718 965 2792 interpolavit:
986 2722 1079 2789 Atque
1097 2749 1116 2761 -
1135 2749 1155 2761 -
1172 2717 1224 2770 sed
1240 2724 1336 2768 tantan
1352 2721 1446 2783 servi,
1466 2724 1498 2769 us

169 2798 326 2858 atrienses,
351 2790 395 2826 1111
412 2794 465 2845 alii
483 2792 623 2864 inferiore
641 2796 719 2860 laco,
750 2802 782 2846 stt
800 2794 976 2856 mediastini,
1006 2797 1048 2844 sie
1066 2793 1148 2846 stulti
1167 2791 1275 2864 quidem
1294 2792 1388 2844 ornnes
1406 2801 1438 2844 nt
1456 2800 1498 2859 sa,

165 2887 255 2940 pares
273 2870 351 2920 inter
368 2886 398 2920 se
416 2871 542 2922 stultitia
561 2878 644 2935 sunt,
663 2869 715 2921 sed
731 2874 823 2925 maior
842 2887 937 2921 eoram
955 2869 1079 2920 stultitia
1098 2877 1157 2933 est,
1183 2871 1354 2939 praesigna
1373 2882 1442 2929 eeu:
1468 2883 1497 2922 et

168 2944 384 3016 nottingum,
415 2949 512 3016 quiin
532 2945 637 3019 Optata.
650 2944 720 3016 plat.
745 2964 772 3019 p.
795 2946 859 3002 1117.
886 2948 927 2996 sie
947 2945 1119 3017 transponit:
1145 2971 1184 2986 -
1207 2940 1401 3015 appellandam
1415 2949 1495 3011 petto.
1566 2980 1570 2985 -

168 3018 242 3071 Pari
265 3022 388 3071 stultitia
412 3029 478 3074 stass
502 3051 522 3064 -
546 3052 566 3065 ·-
586 3026 727 3093 principes
751 3024 829 3072 estis.
875 3022 968 3090 Atque
992 3028 1024 3071 sst
1048 3024 1079 3069 in
1104 3035 1211 3086 magna
1230 3049 1249 3060 -
1269 3048 1288 3060 -
1306 3021 1443 3068 atrienses
1462 3033 1519 3070 aa*

167 3098 287 3165 topiarii
293 3115 303 3152 ,-
322 3095 374 3147 sed
390 3104 423 3146 ut
439 3101 470 3148 in
481 3093 604 3166 fartilia
621 3127 641 3139 -
660 3126 680 3139 -
698 3100 782 3147 istius
799 3093 864 3168 (pro
883 3091 984 3167 ipsias)
1003 3093 1300 3164 amiterninam.
1320 3097 1340 3143 i.
1359 3091 1495 3147 abtinens

167 3174 381 3242 tlorruptissimi
395 3170 540 3226 sunthd.
554 3191 580 3226 v.
593 3189 618 3229 c.
637 3199 677 3215 -·
694 3176 832 3223 atrienses
845 3180 911 3222 aeta
920 3174 987 3240 pari
1000 3170 1139 3222 stultitiae
1152 3185 1218 3219 stete
1230 3169 1295 3221 Bes.
1310 3166 1364 3221 Gu.
1397 3183 1497 3222 ,1.-

167 3249 307 3296 atrienses
325 3264 360 3297 ae
378 3252 494 3317 topiarii
511 3248 650 3305 stultitiae
668 3265 755 3314 suae,
773 3263 842 3318 quos
860 3265 884 3300 s.
899 3248 929 3299 V.
943 3246 1002 3300 Ma.
1022 3274 1060 3289 -
1077 3245 1217 3296 atriem
1234 3260 1268 3295 ae
1288 3251 1319 3294 ta
1334 3186 1402 3315 pezii
1419 3243 1496 3296 stul-

167 3324 253 3384 etsta,
298 3339 349 3372 uos
368 3321 414 3374 Cr.
434 3321 477 3375 M.

245 3339 346 3463 (Ἶφ-
369 3394 410 3448 Et
433 3415 529 3449 snmus
557 3415 585 3469 p.
611 3396 645 3452 V.
673 3425 711 3441 -
737 3395 785 3449 Ea
811 3400 944 3460 sumatis,
975 3398 1011 3459 s'.,
1043 3412 1068 3451 e.
1090 3412 1136 3466 pr.
1162 3410 1257 3446 sanan
1282 3395 1347 3448 Bas.
1374 3392 1421 3447 Cr.
1451 3392 1495 3449 M.

167 3470 229 3526 Ma.
274 3470 312 3536 (1)
337 3470 384 3525 Ste
408 3474 441 3527 B.
468 3474 530 3525 Bes.
556 3472 610 3527 Gn.
635 3471 703 3527 alst.
728 3473 811 3545 Borg.
837 3500 873 3515 -
898 3474 1028 3541 tnqtrinnt
1053 3470 1155 3523 Ceteri.
1201 3468 1239 3537 (³)
1265 3487 1303 3525 =
1324 3472 1415 3541 princ.
1439 3473 1496 3524 ein.

166 3563 198 3619 p.
218 3545 251 3601 V.
271 3544 303 3598 L.
322 3546 353 3599 P.
391 3547 429 3613 (1)
449 3548 496 3601 Ste
515 3544 584 3599 Cdd.
603 3545 669 3617 sitq.
689 3561 714 3599 a.
734 3550 793 3602 ιΜ.
812 3550 842 3603 P.
887 3546 1005 3618 Optimo
1028 3562 1126 3599 sensa:
1152 3548 1243 3617 „quis
1269 3543 1330 3597 snit.
1356 3543 1414 3599 fieri
1434 3559 1497 3616 pot-

166 3636 229 3683 est,
255 3635 286 3673 ut
313 3626 383 3674 seret
410 3626 492 3675 vestet
512 3621 648 3677 vobismet
668 3625 735 3695 ipsis
755 3626 812 3675 sint
838 3624 1029 3693 sapientiores.
1039 3621 1056 3644 ”
1082 3619 1216 3691 ideoque,
1244 3638 1328 3692 quum
1358 3637 1393 3672 ne
1418 3616 1497 3673 domi

166 3693 282 3766 quidem
307 3713 449 3751 servornm
475 3715 626 3751 vestrorum
652 3701 795 3771 principes
821 3701 898 3761 sitis,
929 3714 1003 3750 reete
1029 3693 1133 3759 iniero,
1166 3700 1195 3749 in
1227 3700 1286 3770 lpse
1313 3698 1423 3748 deitate
1447 3710 1496 3749 vos

169 3769 298 3823 intimum
318 3786 403 3844 paene
424 3772 518 3825 locum
541 3776 549 3824 1
571 3777 628 3827 slus
646 3777 787 3827 servitutis
812 3772 947 3827 obtinere.
972 3801 1011 3815 -
1035 3789 1233 3837 conservorum
1251 3772 1361 3835 Ceteri,
1392 3766 1421 3824 id
1439 3784 1498 3823 ests

170 3861 221 3899 ros
241 3863 305 3898 sero
323 3865 357 3899 ne
376 3865 473 3901 eorum
493 3852 540 3921 qul
578 3865 624 3915 m,
649 3852 696 3920 qui
715 3845 812 3901 eodem
838 3864 873 3900 se
895 3864 945 3900 vos
970 3845 1067 3901 morbo
1093 3846 1218 3899 libidinis
1243 3845 1386 3908 laborant,
1412 3861 1497 3915 quos·

171 3938 226 3991 qne
246 3936 390 3993 propterea
409 3937 683 3978 consenescentes
703 3923 803 3995 ellqets
823 3936 1015 3989 nauseantes,
1049 3925 1189 3996 prinsipes
1209 3926 1285 3975 estis.
1331 3922 1409 3990 Qase
1435 3937 1498 3973 sen·

170 4000 261 4049 tentis
280 4003 396 4051 omnino
415 4012 457 4052 est
477 3997 546 4051 isles
566 4012 594 4053 et
614 3996 745 4051 ridicule:
775 3996 804 4052 ld
822 4001 900 4053 enim
919 4016 968 4071 per
986 4017 1015 4051 se
1035 3995 1258 4069 intelligebatur,
1285 4012 1382 4048 omnes
1402 3997 1496 4049 vitiosi

137 4106 140 4113 «
170 4088 258 4141 quum
280 4078 337 4143 pari
358 4077 413 4126 sint
433 4073 556 4129 stultitia
575 4089 608 4126 se
627 4078 822 4146 perversitate,
840 4079 981 4127 neminem
1002 4078 1075 4126 inter
1095 4069 1253 4132 istiusmodi
1273 4071 1401 4125 homines
1440 4073 1498 4124 rin-

98 4161 100 4165 ·
171 4151 296 4218 cipetum
317 4164 419 4203 tenere.
439 4154 490 4215 (·-
502 4166 559 4204 om.
578 4148 687 4219 qtsidern
699 4148 732 4203 B.
746 4151 821 4214 Bas.)
860 4148 898 4216 (1)
916 4178 956 4191 --
974 4166 1030 4200 οιιι.
1050 4153 1097 4219 qni
1115 4154 1245 4199 tractant
1263 4153 1321 4198 ista
1341 4148 1370 4199 Ρ.
1408 4088 1497 4219 (13ιό

170 4229 289 4290 tergent
302 4224 334 4276 V.
354 4227 384 4278 Ρ.
405 4224 451 4291 (L.
464 4229 494 4277 in
508 4241 546 4278 tn.
560 4226 659 4292 isidi-l
696 4222 735 4298 (⁷)
755 4253 791 4266 -
810 4224 947 4276 dederunt
966 4225 1020 4278 Gu.
1040 4225 1102 4277 Bes.
1122 4241 1150 4296 p.
1189 4221 1229 4289 (⁸)
1248 4216 1297 4279 Sic
1316 4218 1386 4276 Cdd.
1405 4221 1497 4276 multi.

170 4314 200 4369 p.
221 4298 254 4351 V.
274 4302 301 4354 5.
320 4302 403 4371 Seqq.
424 4326 461 4343 -
479 4304 567 4371 ipsias
585 4304 713 4351 civitatis
731 4300 764 4355 B.
785 4300 848 4354 Bas.
862 4300 925 4354 ·Gu.
944 4300 992 4353 Cr.
1010 4299 1051 4352 Μ.
1072 4299 1130 4352 Ma.
1150 4297 1182 4351 L.
1202 4299 1232 4352 P.
1258 4325 1296 4341 ·-
1321 4314 1376 4351 om.
1400 4302 1498 4349 seruis

169 4376 243 4424 tatis
260 4370 319 4426 sM.
340 4374 419 4447 prob.
439 4375 530 4428 Bentl.
570 4374 608 4440 (⁹)
627 4391 691 4428 eum
712 4373 781 4428 Cdd.
802 4375 867 4446 aliq.
887 4393 914 4448 p.
934 4391 959 4428 s.
978 4374 1062 4445 Bora.
1081 4404 1118 4416 -
1137 4377 1232 4443 inquis
1249 4375 1350 4426 Ceteri.
1389 4371 1440 4439 (11)
1459 4400 1499 4416 -·

170 4446 301 4499 Eetiorsis
321 4451 351 4503 V.
372 4477 409 4492 -
430 4452 585 4502 Actaeonis
603 4450 645 4503 Μ.
665 4448 724 4504 Ma:
743 4478 781 4492 -
803 4454 930 4502 Aetionis
948 4450 980 4503 L.
1018 4442 1137 4525 (111810
1156 4449 1219 4502 Bas.
1238 4447 1303 4502 Atti.
1321 4449 1352 4499 V.
1369 4448 1402 4502 P.
1424 4457 1449 4505 t.
1469 4454 1496 4501 2.

171 4526 209 4574 tl.
229 4550 267 4565 -
284 4529 385 4576 ontitto
405 4524 452 4577 Cr.
473 4524 514 4577 M.
535 4525 594 4578 Ms.
617 4526 646 4578 L.
665 4531 693 4586 ὅ.
714 4526 748 4578 ll.
767 4554 806 4567 -
824 4532 912 4578 miror
931 4544 958 4599 p.
979 4540 1004 4578 s.
1043 4525 1096 4592 (11)
1114 4539 1152 4577 so
1169 4539 1225 4576 om.
1245 4531 1273 4574 et
1292 4520 1362 4577 Cdd.
1382 4521 1447 4593 aliq.
1468 4540 1496 4593 p.

171 4598 205 4651 V.
227 4597 263 4650 G.
283 4597 328 4669 [].
349 4598 416 4671 Ι(11)
436 4627 474 4641 -
492 4587 669 4652 attollentem
688 4601 747 4654 vM.
787 4601 843 4669 (11)
868 4617 906 4653 ω
928 4618 987 4654 usn.
1013 4609 1041 4652 te
1060 4603 1123 4654 llas.
1144 4600 1176 4652 V.
1221 4596 1271 4665 (¹⁵)
1297 4614 1334 4651 se
1353 4614 1409 4648 non
1426 4598 1497 4663 vM.‚

172 4689 204 4725 ut
225 4672 333 4727 solebat
353 4676 420 4728 Era.
459 4672 566 4748 (11)-
586 4676 636 4727 illa
656 4695 683 4748 p.
703 4667 737 4730 V.
757 4676 799 4730 M.
821 4678 878 4730 Ma.
899 4677 932 4730 L.
952 4678 982 4730 P.
1031 4674 1084 4748 (17)
1110 4676 1157 4728 Sic
1176 4670 1245 4726 Cdd.
1265 4672 1329 4743 aliq.
1348 4691 1377 4750 p.
1397 4672 1443 4725 Cr.
1462 4671 1497 4725 V.

173 4749 216 4802 M.
237 4748 330 4802 Beati*
347 4759 374 4807 1.
395 4756 422 4804 2.
441 4751 477 4806 N.
496 4765 535 4804 ee
550 4752 618 4802 stant
636 4749 705 4805 Cdd.
725 4750 790 4823 aliq.
811 4752 844 4805 B.
866 4754 927 4805 Bas.
948 4750 1003 4806 Gu.
1023 4750 1083 4804 Ma.
1101 4750 1141 4823 1..Ι
1153 4752 1184 4805 Ρ.
1205 4753 1232 4809 ὃ.
1252 4748 1288 4804 ll.
1308 4749 1343 4803 G.
1388 4748 1440 4815 (11)
1459 4775 1498 4789 —-

174 4840 232 4878 ntn.
252 4831 283 4874 at
300 4824 334 4878 B.
356 4828 416 4878 Bas.
437 4826 497 4879 Ge..
529 4824 581 4898 (¹⁹)
600 4825 647 4879 δίο
667 4828 697 4880 B.
718 4828 780 4880 Bes.
794 4827 850 4880 Gn.
864 4845 889 4899 p.
902 4824 937 4880 V.
957 4832 985 4888 5.
1003 4826 1083 4898 eeqq.
1102 4855 1141 4868 -
1159 4829 1310 4880 atriensem
1327 4840 1439 4877 servant
1457 4822 1495 4889 d..

174 4913 201 4953 s.
224 4899 270 4954 Cr.
291 4900 334 4953 M.
357 4900 416 4955 Ma.
437 4901 467 4955 L.
487 4903 518 4957 P.
557 4901 607 4969 (11)
625 4923 664 4961 -.;·
681 4906 841 4955 revivescat
859 4902 892 4955 V.
