3384 5359
687 292 867 362 anuto.
890 291 956 357 tv.
1145 243 1223 346 Ὗ
1421 292 1481 368 ιιι

231 434 282 489 Ca
290 451 313 487 a.
327 433 380 487 xl.
406 432 486 504 Quae
499 442 594 487 autern
605 441 672 486 sunt
683 430 729 485 lsis
740 437 897 499 eontrarla,
917 450 952 484 ea
964 438 1044 485 nasei
1052 441 1192 505 putantur
1204 454 1224 487 a
1236 441 1328 487 uretur
1347 441 1380 488 ut
1390 432 1485 486 odirent

152 510 311 574 meliernnt,
330 510 410 579 quale
429 514 459 560 t'n
477 529 636 586 prtooyurrp
656 512 756 562 Attilii
773 517 833 569 est,-
853 517 886 561 ut
904 513 934 559 in
953 507 1094 562 hominnm
1113 515 1273 562 universim
1293 526 1391 578 genus,
1410 509 1484 579 quod

152 590 313 656 occepimus
329 582 364 635 ele
384 584 501 637 Timone
509 597 521 649 ,¹
542 590 589 655 qui
606 584 834 663 μισάνθρωπος
852 584 1023 656 appellatur]
1050 587 1159 639 Primus
1187 601 1229 644 tu>
1242 584 1311 639 illud
1331 586 1428 637 Attilii
1453 589 1484 637 in

153 676 264 714 testum
280 664 421 732 recepisti,
441 675 537 733 utpote
557 677 640 730 φιιιιι
658 664 746 733 ipsam
760 663 901 713 Ciceronis
921 675 1033 714 manum
1053 676 1112 714 esse
1131 666 1273 714 neminem
1293 657 1498 722 dubitaturum,

151 753 215 789 esse
235 751 341 808 censes.
385 737 456 790 Sane
476 753 527 808 pro
546 734 914 808 verissimaamplectuntur
934 731 1101 802 Lambinus,
1131 736 1275 789 Mercerus
1294 734 1330 788 sd
1349 737 1486 801 Nonium,

153 826 183 864 et
204 808 386 875 Gebhardus,
414 828 459 877 et,
485 826 516 864 ut
536 816 653 883 opinor,
679 812 727 864 alii
747 811 886 883 plerique:
915 805 1007 864 favent
1028 814 1103 864 enim
1124 808 1251 876 codices,
1281 816 1379 883 quiin
1397 815 1483 862 mism
1520 848 1522 850 ·

155 903 235 954 guno
255 887 319 937 atili
339 894 384 937 ert
402 882 459 940 iere
479 885 619 940 exhibent.
658 886 711 940 Sed
730 903 799 960 pace
820 901 909 940 vestra
934 885 1017 939 liceat
1042 887 1113 940 mihi
1139 885 1253 941 lectioni
1280 887 1346 940 huic
1371 901 1486 939 contro-

153 966 275 1014 versiam
300 977 420 1015 morere.
464 962 575 1020 Prirno.
603 963 659 1036 τῆς
682 961 881 1039 μισογυιιίας
900 961 1056 1033 exemplum
1074 966 1142 1036 poni
1161 962 1209 1016 hic
1227 963 1428 1034 Hippolytum,
1452 977 1483 1015 ιιι

151 1041 210 1112 τῆς
227 1034 470 1114 μισανθρωπίας
490 1036 651 1103 Timonem,
671 1039 751 1110 plane
772 1053 823 1111 pro
842 1051 987 1109 comperto
1008 1038 1112 1100 habe03
1144 1034 1226 1110 idque
1246 1031 1349 1106 colligo
1368 1056 1402 1090 ex
1421 1041 1483 1109 ipso

152 1113 309 1175 Cicerone,
330 1116 377 1182 qui
396 1129 463 1164 mox
483 1114 551 1164 haec
571 1112 680 1165 brevius
701 1118 855 1185 attingens,
877 1113 1082 1183 Similiterque,
1103 1118 1157 1177 ait,
1178 1110 1315 1184 definitur
1333 1120 1362 1164 et
1381 1114 1485 1165 mulie-
1517 1122 1519 1125 ‘

152 1206 219 1239 rum
239 1187 343 1252 odissen,
362 1194 394 1237 nt
407 1186 561 1260 Hippolyti,
580 1195 617 1252 et,
637 1197 670 1239 ut
685 1190 825 1253 Timonis,
844 1193 962 1256 generis
978 1186 1101 1241 brunoni.
1121 1187 1212 1257 ¹Natat
1226 1191 1261 1241 in
1276 1203 1398 1258 ¹utroque
1418 1187 1486 1241 loco

154 1260 257 1316 iisdem
285 1261 418 1335 exemplis
449 1281 527 1316 usum
553 1280 615 1334 esse
638 1268 694 1317 veri
721 1263 897 1317 simillimum
923 1265 992 1328 est,¹
1015 1280 1050 1316 ne
1076 1263 1167 1316 dicam
1193 1268 1391 1331 certissimum.
1436 1262 1485 1315 Sic

153 1338 241 1392 Tusc.
263 1340 305 1402 ll,
325 1342 369 1396 15.
414 1338 491 1390 Num
514 1335 636 1390 ltttmana
655 1347 876 1391 contemnentem
891 1347 973 1408 potes
991 1338 1084 1390 dicere
1102 1325 1298 1392 Proneltlsettm
1315 1347 1367 1390 artt
1384 1336 1484 1390 Plu'lo-

152 1422 261 1482 etetam
280 1413 377 1465 illum?
407 1413 514 1485 Nempe
540 1412 574 1466 de
600 1414 650 1466 illo
676 1420 752 1487 prius
777 1429 870 1486 egerat
889 1414 958 1488 Cap.
979 1413 1048 1479 1tt.,
1077 1413 1111 1467 de
1131 1415 1185 1468 hoc
1203 1415 1271 1488 Cap.
1293 1415 1355 1467 vii.
1392 1413 1437 1468 lu
1456 1425 1485 1466 et

152 1489 239 1543 Tuto.
259 1488 320 1554 111,
339 1491 386 1546 24.
431 1490 608 1555 Telamonis,
638 1490 739 1543 Thesei
759 1506 787 1543 et
806 1492 985 1560 Anaxagorae
1006 1490 1087 1542 verba
1107 1489 1227 1543 breviter
1246 1504 1385 1552 recenset,
1413 1502 1487 1559 quae

154 1580 238 1618 antea
257 1562 344 1616 fusius
364 1579 523 1635 persecutus
544 1581 584 1617 oet
604 1564 672 1638 Cap.
692 1566 774 1620 xlii.
793 1581 821 1619 et
841 1567 918 1618 XIV.
957 1562 1037 1618 Unde
1058 1583 1140 1634 ergo,
1163 1580 1209 1619 aut
1229 1582 1284 1637 quo
1303 1564 1386 1618 modo
1406 1565 1485 1636 Hip-

149 1641 250 1714 polyti
277 1638 434 1710 exemplum
463 1644 535 1693 inest
565 1644 594 1693 in
622 1641 783 1712 Misogyno
812 1640 932 1692 Attilii?
964 1642 1102 1710 Quisnam
1135 1645 1189 1693 iste
1218 1639 1351 1694 attilius?
1387 1641 1485 1704 Poita,

113 1757 118 1764 .
155 1720 303 1787 inquiunt,
336 1714 488 1781 Comicus,
518 1718 566 1786 qui
592 1712 709 1769 iorrnsse
736 1713 884 1768 Menandri
911 1714 1043 1768 Fabulam
1067 1714 1245 1790 Μισόγιινον
1264 1717 1362 1769 Latine
1389 1718 1483 1769 vertit.

152 1793 240 1846 Esto:
260 1795 312 1843 etei
334 1789 387 1842 hoc
407 1795 444 1843 sit
464 1788 611 1843 hariolari:
631 1790 680 1844 sed
699 1788 764 1863 quid
778 1791 945 1845 Comoedias
965 1808 1030 1844 cum
1051 1791 1224 1864 Hippolytol
1243 1797 1300 1863 qui,
1320 1807 1351 1844 ut
1363 1791 1486 1844 iteretur
1498 1836 1509 1852 ,

153 1864 267 1931 deruit,
296 1883 352 1918 non
380 1881 462 1918 socco
489 1871 614 1932 cornico,
643 1865 693 1919 sed
710 1866 850 1920 cothurno
868 1884 926 1920 sem
965 1868 1153 1921 rincedebat.
1196 1866 1270 1940 Ergo
1290 1871 1382 1939 potius
1401 1862 1485 1918 inerit

153 1940 272 1998 Asillius
293 1942 441 2012 Tragicos,
463 1959 546 2013 quern
558 1942 706 2014 Sophoclis
719 1941 862 1996 Electrim
883 1958 927 1994 nra
940 1961 954 1994 e
969 1943 1068 1996 Latine
1088 1946 1257 1996 convertisse
1277 1956 1370 1995 narrat
1383 1941 1486 1993 Noster

153 2016 190 2069 de
205 2018 264 2071 Fin.
280 2018 303 2081 1,
316 2024 343 2072 2.
383 2016 459 2070 Idem
479 2021 564 2090 igitur
584 2034 611 2070 er
626 2017 768 2090 Euripidis
788 2017 970 2090 Hippolytum
990 2016 1107 2073 fortasse
1126 2022 1304 2070 converterit.
1344 2014 1397 2071 Sed
1417 2031 1486 2087 rogo

154 2109 221 2157 sos,
249 2109 299 2145 cur
320 2097 413 2165 potius
434 2093 508 2146 hunc
527 2097 652 2164 ineptum
673 2110 701 2147 et
712 2094 849 2164 ferreum
866 2099 1033 2163 scriptorem
1052 2097 1237 2146 nominaverit
1256 2094 1372 2156 Cicero,
1400 2106 1484 2162 quarn

153 2165 318 2239 Euripidem
340 2170 449 2241 ipsum?
475 2183 521 2220 aut
541 2183 591 2220 cnr
611 2186 711 2221 nomen
731 2169 870 2221 Dramatis
891 2186 924 2219 ιι
942 2169 1096 2241 Hippolyto
1116 2167 1219 2220 factum
1239 2183 1280 2220 ιιι
1299 2166 1486 2240 Misogynusi

154 2243 305 2316 Tantisper
331 2242 399 2296 dum
424 2243 454 2296 hi
481 2242 603 2316 scrupuli
624 2248 796 2302 erimantnrr
825 2241 968 2313 equidem,
1000 2243 1099 2297 Attilio
1126 2244 1180 2296 hoc
1206 2242 1294 2296 valere
1320 2248 1413 2307 iusso,
1442 2246 1484 2294 sio
1549 2249 1555 2260 ‘

154 2322 250 2392 potius
270 2318 364 2371 locum
385 2317 564 2371 refinxeritnt
577 2319 615 2371 Ut
634 2319 727 2371 odirsm
747 2319 786 2373 ΙΝ
806 2318 1011 2382 MULIERES,
1031 2320 1111 2390 quale
1128 2325 1345 2376 attentator
1357 2314 1487 2372 HIPPO-

154 2394 246 2450 LYTl
265 2402 327 2454 rtet,-
355 2402 387 2446 ut
405 2399 435 2444 in
454 2392 595 2446 leontinum
613 2399 775 2447 universum
793 2411 899 2462 genus,
924 2393 998 2464 qnod
1013 2400 1169 2466 accepisnus
1187 2393 1221 2444 de
1240 2392 1366 2445 Timone.
1412 2390 1485 2444 Sana

154 2473 224 2539 quin
243 2469 337 2521 odium
354 2475 385 2520 in
403 2470 533 2521 mulieres
551 2473 693 2542 scripserit
712 2470 824 2534 Noster,
843 2474 889 2521 vix
907 2467 1025 2533 dubitet,
1043 2476 1090 2542 qui
1111 2470 1140 2522 id
1159 2466 1232 2539 quod
1252 2472 1378 2539 sequitur
1396 2471 1486 2519 anim·

154 2544 280 2598 advertat
300 2549 330 2595 t'n
350 2549 510 2596 reniaersum
529 2561 633 2613 gentis:
667 2560 770 2616 quanto
790 2549 864 2598 enim
884 2545 938 2597 hoc
957 2545 1137 2599 concinnius!
1164 2545 1258 2612 Quum
1278 2559 1368 2597 autem
1389 2537 1424 2598 tlt
1443 2546 1484 2609 1⁹11,

153 2627 230 2676 inter
249 2619 304 2672 duo
324 2638 353 2671 m
372 2619 559 2684 collocatum,
579 2616 677 2685 facile,
702 2635 733 2673 ut
753 2620 802 2689 lit,
826 2619 1035 2683 absorberetur,
1063 2620 1201 2693 reliquunt
1218 2634 1299 2685 erat‚·
1313 2634 1343 2671 ut
1362 2616 1484 2671 Librarii

153 2694 272 2749 verbum
292 2712 408 2766 sequens
429 2695 638 2769 interpolarent.

232 2773 310 2824 Car.
331 2771 398 2825 xli.
425 2771 504 2823 Haec
521 2775 614 2838 igitur
629 2770 800 2841 proclivitas
817 2769 859 2821 ad
882 2788 959 2822 suum
982 2770 1106 2843 quodque
1131 2769 1236 2839 genus,
1264 2786 1283 2820 a
1301 2769 1484 2820 similitudine

153 2851 297 2917 corporis,
326 2851 491 2915 aegrotatio
515 2845 634 2899 dicitur:
668 2845 734 2897 dum
759 2865 794 2897 ea
818 2846 998 2914 intelligatur
1023 2845 1064 2898 ad
1079 2840 1286 2916 aegrotandum
1300 2846 1486 2916 proclivitas]

153 2920 297 2976 Audacter
316 2926 440 2993 quamuis
461 2939 581 2993 repone,
601 2925 765 2989 aegrotatio
783 2921 960 2975 mestun.
999 2922 1043 2976 lta
1061 2922 1205 2996 postulant
1224 2924 1382 2994 sequentia,
1406 2919 1484 2972 Dum

153 2997 352 3065 intelligatur,
372 3011 398 3049 et
417 2995 550 3065 facilitas
569 3001 737 3050 nominetur.
1282 3017 1296 3045 r
1552 3009 1556 3013 “

232 3074 305 3126 Car.
318 3072 402 3127 xiil.
421 3073 490 3123 Non
508 3078 582 3124 enirn
600 3057 803 3124 omnifflritium
821 3085 915 3144 partes
935 3069 1019 3123 habet
1038 3070 1248 3139 dissentientes]
1278 3071 1368 3139 Quem
1387 3067 1484 3121 locum

154 3151 234 3204 sicco
254 3145 325 3219 pede
345 3147 536 3202 transilierunt
557 3146 621 3210 alii,
643 3162 673 3200 tu
693 3152 811 3220 ingenue
830 3144 926 3199 fateris
946 3163 973 3201 te
991 3164 1048 3200 non
1068 3163 1167 3216 capere
1186 3161 1214 3198 ιι
1235 3145 1402 3198 medicinam
1423 3160 1485 3197 ren·
1593 3149 1596 3156 ’

155 3239 209 3276 ιιι.
236 3222 332 3276 Macte
351 3239 382 3274 en
404 3227 513 3278 virtute.
541 3220 678 3288 Sedvide,
697 3238 732 3275 an
752 3239 780 3276 ιι
798 3238 851 3276 nos
871 3221 974 3293 aliquid
994 3220 1159 3275 audiendum
1178 3218 1361 3295 proferamus.
1388 3218 1485 3289 Quidi

153 3301 179 3351 sl
201 3297 290 3368 legas,
315 3299 381 3350 Non
401 3303 475 3349 enim
493 3317 573 3350 omne
591 3304 693 3348 vitium
711 3298 826 3351 Panis
845 3297 930 3350 ioiet
950 3295 1228 3351 DlsstitiswitiS.
1267 3297 1393 3366 Quorum
1414 3299 1484 3349 liaeo

153 3376 211 3427 srit
230 3379 384 3445 sententiar
413 3374 573 3435 vitiositas,
599 3377 773 3444 inquit„est
793 3373 920 3440 allectio,
945 3392 964 3424 a
988 3389 1019 3422 se
1043 3378 1107 3443 ipsa
1130 3371 1309 3425 dissentiens.
1353 3373 1431 3442 Quae
1458 3373 1483 3425 si

153 3451 265 3520 gravior
285 3453 338 3513 sit,
368 3465 427 3502 tuus
448 3466 482 3501 ea
500 3453 679 3521 corruptione
698 3453 864 3522 opinionum
883 3446 997 3500 morbus
1015 3447 1045 3500 fit
1064 3464 1093 3501 et
1111 3451 1293 3516 aegrotatio:
1321 3450 1366 3500 sin
1384 3445 1483 3512 levior,

152 3528 348 3578 incursionem
374 3539 481 3576 tantum
508 3524 537 3577 lit
563 3539 591 3576 et
616 3529 817 3595 repugnantia.
863 3524 928 3579 Non
952 3528 1030 3576 eninr
1056 3539 1139 3576 omne
1165 3527 1264 3577 vitium
1287 3540 1375 3596 parer
1400 3522 1484 3577 habet

153 3599 359 3650 disseruiones:
377 3616 442 3651 nam
463 3604 510 3671 qui
530 3613 614 3670 quam
634 3604 759 3671 proxime
779 3599 813 3652 ad
833 3603 998 3671 sapientiam
1019 3603 1180 3673 attigerunt,
1199 3598 1361 3668 discrepant
1372 3595 1484 3668 quidem

154 3673 211 3726 sibi
239 3678 309 3746 ipsi,
335 3675 383 3727 sed
408 3692 466 3727 uon
491 3678 532 3728 its
558 3674 678 3729 distorto
703 3690 731 3729 et
757 3690 843 3749 pravo
870 3679 963 3730 animo
988 3689 1066 3741 sunt,
1102 3689 1134 3729 ut
1153 3674 1202 3727 alii
1220 3673 1388 3748 stultitiast
1407 3676 1483 3727 vitiis

153 3754 295 3821 cooperti.

154 3855 159 3862 ·
218 3823 324 3877 ¹lbid.
349 3825 399 3877 Est
412 3829 485 3876 enim
498 3828 625 3894 eorporis
637 3832 805 3895 temperatio
999 3829 1129 3876 sanitas.-
1146 3828 1188 3876 sie
1199 3827 1288 3876 anirnl
1299 3822 1484 3891 dieiturret]
1579 3875 1580 3882 ,

156 3897 302 3969 Quidquid
322 3900 370 3952 hic
389 3905 492 3972 garriat
513 3897 693 3964 Gebhardus,
721 3899 829 3972 liquido
848 3914 961 3972 apparet
980 3897 1125 3971 legendnm
1147 3916 1221 3965 esse,
1241 3898 1305 3950 =tJT
1321 3897 1395 3949 enim
1414 3914 1484 3948 eor-

152 3978 237 4048 poris
429 3980 471 4026 sio
489 3979 586 4028 anina.
624 3974 697 4029 Nolo
717 3976 769 4028 tibi
791 3991 846 4028 tarn
865 3974 961 4028 servile
987 3992 1047 4028 esse
1072 3979 1231 4048 Ingenium,
1255 3988 1287 4026 nt
1311 3978 1341 4030 in
1367 3969 1486 4025 manile·

155 4051 290 4103 stissirnis
310 4048 438 4112 haereas,
465 4054 528 4120 quia
549 4049 613 4102 libri
634 4069 690 4104 non
711 4049 745 4102 ad
764 4049 874 4104 literam
899 4066 930 4103 ea
955 4050 1113 4105 exhibeant.
1158 4049 1206 4102 Sic
1232 4046 1326 4122 paullo
1351 4046 1485 4110 inferiora

154 4125 212 4179 ffl'
231 4122 283 4176 UT
300 4131 429 4195 corporis
447 4134 491 4176 est
510 4125 645 4196 quaedam
663 4135 731 4197 apta
743 4124 850 4197 figura
868 4125 1054 4178 membrorum
1259 4122 1320 4176 SIC
1339 4128 1370 4174 in
1388 4127 1483 4176 animo

153 4205 321 4273 opinionum
338 4199 555 4270 iudiciorumque
573 4200 768 4272 aequabilitas.
1489 4205 1497 4234 ⁵
1585 4211 1587 4216 “

150 4307 157 4314 -
235 4271 327 4327 lbid.
354 4275 401 4327 Sic
420 4280 451 4327 in
469 4281 564 4328 animo
583 4282 743 4347 opinionum
763 4276 977 4349 iudiciorumque
996 4274 1184 4346 aequabilitas
1201 4279 1230 4324 et
1248 4276 1410 4325 constantia
1423 4289 1485 4324 cum

149 4347 301 4426 firmitate
318 4350 440 4421 quadam
458 4360 487 4403 et
505 4352 672 4416 stabilitate,
691 4356 827 4406 virtatem
845 4350 1018 4425 subsequens,
1036 4358 1089 4401 aut
1105 4354 1225 4401 oirtmts
1241 4352 1300 4400 vim
1313 4347 1396 4402 ipsa
1411 4365 1484 4399 con·

154 4432 262 4490 linens,
278 4423 457 4496 pulchritudo
475 4427 608 4498 uocatur]
635 4428 679 4479 Ita
696 4426 844 4500 legendum
864 4442 892 4482 et
911 4423 1136 4499 distinguendum
1156 4440 1213 4484 est:
1233 4438 1290 4475 non
1308 4427 1368 4474 oirn
1384 4428 1506 4496 ipsas&

157 4516 191 4556 nt
207 4501 273 4554 libri
290 4504 389 4573 scripti
406 4501 537 4572 editique.
565 4504 625 4555 lion
644 4502 752 4558 scilicet
772 4501 845 4564 rult3
866 4501 1101 4554 Pulchritudinem
1119 4497 1197 4552 illam
1215 4501 1309 4564 animi,
1329 4512 1376 4550 aut
1396 4503 1485 4570 ipsam

157 4580 359 4633 invirtutibus
377 4575 577 4631 numerandam
597 4594 672 4643 esse,
690 4594 739 4634 ant
758 4576 864 4650 aliquid
884 4595 943 4632 esse
962 4582 1093 4631 virtutem
1113 4574 1291 4644 subsequam.
1329 4573 1371 4626 lta
1390 4571 1485 4644 paullo
1512 4614 1521 4633 ,

157 4656 237 4728 prius
257 4651 484 4719 Concordantia,
513 4656 622 4726 inquit,
652 4658 816 4726 opinionum
841 4659 870 4707 in
896 4658 1006 4718 animo,
1036 4667 1083 4704 aut
1104 4654 1163 4723 ipss
1183 4654 1268 4702 virtus
1289 4650 1303 4699 'l
1314 4650 1485 4719 emperantia

156 4743 218 4794 est,
244 4743 290 4780 aur
311 4726 414 4798 aliquid
435 4745 496 4781 earn
516 4728 701 4799 subsequens,
726 4748 778 4783 nee
802 4729 908 4795 liabens
931 4729 1018 4780 ullam
1041 4731 1160 4800 speciem
1183 4742 1274 4778 ersom.
1318 4725 1409 4791 Quam
1436 4722 1486 4776 hio
1516 4757 1523 4768 ,

154 4801 280 4878 appellat
299 4809 431 4875 speciem,
451 4803 512 4857 illic
530 4809 656 4859 nominat
673 4811 743 4876 arins.
1192 4835 1195 4842 ·

238 4880 319 4933 Car.
339 4879 417 4934 xlv.
444 4880 506 4933 Noc
524 4884 644 4933 veroin
662 4897 769 4933 ornnem
792 4879 919 4932 morbum
941 4895 978 4932 ac
1000 4875 1239 4948 perturbationem
1264 4876 1375 4924 animus
1400 4877 1487 4952 inge-

201 4976 272 5022 crm.
300 4982 384 5023 τωιι
432 5006 439 5028 ,
936 5037 939 5046 ι
1066 4951 1106 5012 si
