3384 5359
711 272 775 343 Au
797 273 889 338 utu.
910 273 944 342 1.
1136 263 1158 321 θ
1426 236 1487 347 ιιι

10 473 12 480 ‚
98 474 102 479 ,
160 416 245 470 Accii
265 413 421 469 Philocteta
440 418 482 469 sic
506 419 593 482 dtas,
617 413 684 471 uui
704 410 833 486 turrifer-
851 413 999 487 Aquilonis
1019 431 1090 483 oet,
1112 417 1159 473 sed
1174 408 1259 477 'utut
1279 434 1367 479 restat
1390 427 1489 490 maius,
1565 408 1568 425 ¹

159 489 237 561 quod
260 495 418 616 εὲλπίοια
442 507 538 551 omnes
566 506 594 545 et
622 507 648 544 ts
672 487 754 562 fugit.
799 489 873 543 lllud
901 496 979 543 euim
1009 494 1196 567 contemplere
1226 495 1327 564 tundo,
1356 498 1406 548 sub
1435 500 1490 551 aiae
1537 534 1542 540 -

156 573 257 638 posita
333 565 432 618 stellas
453 573 568 638 reptem.
607 568 681 635 Qui,
712 564 844 631 obsecrm
873 564 1020 619 uerborum
1042 567 1130 624 ordol
1159 587 1228 642 quae
1251 588 1343 626 autem
1366 573 1491 633 locutIoi
1579 564 1581 573 h

161 649 246 697 Certe
258 639 405 695 ‘hoc'non
420 639 504 695 hahet
523 639 646 694 indolem
666 640 867 694 Ciceronianae
891 632 1034 696 dictihuis.
1080 644 1222 699 Nimirum
1244 647 1359 703 ethaeo
1380 667 1489 720 quoque

160 716 248 774 rerba
268 719 346 769 Accii
366 731 445 782 sunt,
468 734 525 771 nou
544 715 645 769 Tullii:
672 731 700 770 et
722 720 764 769 sic
786 715 864 768 locus
881 730 923 769 est
947 715 1173 791 distinguendus,
1195 736 1222 775 et
1245 721 1280 775 ud
1298 739 1355 795 par
1377 724 1490 777 lambo-

164 812 229 849 τω
248 791 428 865 redigendus:
450 790 576 861 Quarum
594 792 705 855 ultera,
728 809 811 862 quam
830 808 883 842 nos
901 793 1057 860 incolimus,

389 865 445 919 Sub
468 884 524 918 axe
542 871 639 938 posita
661 865 701 916 ad
718 866 817 916 stellas
840 874 961 937 septem,
987 868 1060 920 unite
1081 867 1210 944 horrifer

389 940 530 1011 Aquiloni·
552 940 662 993 stridor
680 940 792 1011 gelidas
809 942 926 992 molitur
946 946 1035 998 nives.

237 1017 475 1073 ctnsxxvtlt.
502 1017 613 1070 Coetum
636 1020 797 1081 mitescere,
818 1015 935 1068 arbores
946 1014 1143 1086 frondescere,

390 1092 473 1146 Vites
489 1090 648 1157 laesisset-e,
666 1095 810 1163 pampinis
824 1091 980 1162 pubescere,

389 1166 470 1218 Ranti
487 1166 635 1218 baccarum
656 1167 784 1217 ubertate
803 1171 1011 1237 incurviscere]

163 1245 208 1298 Ex
227 1241 307 1296 libris
329 1246 440 1314 scripsit
462 1242 492 1294 hi
514 1246 649 1295 nitescere
671 1241 819 1307 exhibent,
844 1242 886 1294 llli
908 1247 1061 1298 mitescere.
1098 1246 1179 1300 Prius
1201 1250 1231 1299 iu
1253 1255 1368 1303 vetusne
1387 1248 1491 1304 editio-

163 1320 249 1384 nibus
270 1317 424 1382 insederat,
445 1321 582 1390 posterius
602 1321 699 1390 arripit
716 1315 892 1371 Gebhardus.
930 1316 995 1386 Quo
1016 1333 1109 1372 tamen
1132 1325 1191 1375 iure
1214 1322 1330 1378 deloco
1350 1326 1490 1379 suodeit-
1537 1368 1540 1374 .

163 1401 238 1448 citur
256 1392 326 1449 illud
348 1395 443 1466 priusi
475 1410 559 1462 quum
581 1407 609 1446 et
631 1409 740 1446 versum
761 1395 983 1445 numerosiorem
999 1392 1108 1459 ‚efficiat
1133 1412 1161 1450 et
1184 1400 1420 1481 ποιητικώτερον
1441 1406 1490 1475 sit,

161 1488 192 1523 et
215 1468 321 1542 placere
343 1468 441 1521 debeat
461 1468 503 1520 rel
521 1467 557 1520 oh
577 1466 646 1519 illud
663 1469 786 1520 Lucretii
807 1465 840 1520 de
863 1466 959 1521 eodem
974 1485 1102 1542 ‚tempore
1122 1489 1218 1527 seruo:

387 1574 543 1588 ----
565 1543 616 1594 tibi
635 1560 738 1594 suaves
755 1542 888 1594 Daedala
906 1544 990 1596 tellus

389 1616 536 1668 Subnsittit
549 1617 658 1688 flores,¹
682 1618 736 1669 tibi
757 1616 852 1669 rident
870 1636 992 1690 aequora
1006 1624 1099 1690 ponti,

386 1692 584 1763 Placatumpue
603 1698 674 1751 nitet
693 1686 796 1762 drffisso
814 1693 916 1745 lurninc
935 1694 1052 1749 caelum.

164 1765 236 1822 lllud
257 1784 322 1821 vero
341 1764 431 1820 sdhuc
455 1771 546 1838 peius,
571 1766 644 1838 qued
666 1785 750 1839 quum
773 1772 879 1840 priores
899 1768 1061 1838 edidissent,

391 1842 476 1896 Vites
496 1841 631 1905 laetificae
649 1846 791 1915 pampinis
808 1842 973 1913 pubescere:

163 1919 212 1972 hic
235 1932 264 1973 et
285 1934 318 1970 ex
338 1922 422 1970 unico
445 1915 555 1988 quidem
579 1916 674 1972 codice
692 1917 818 1972 admittit
840 1923 869 1971 in
891 1934 1005 1988 textum,

391 1993 475 2047 Vites
494 1991 655 2061 lassiscere,
675 1998 820 2064 pampinis
836 1992 996 2065 pubescere.
1189 2028 1192 2035 ·

1473 1978 1489 2019 ι
1593 2016 1598 2035 t

163 2069 311 2142 Perpetem
334 2066 468 2141 prefecto.
513 2071 606 2139 Quum
635 2074 709 2123 euim
738 2074 768 2122 itt
796 2070 915 2140 vulgata.
931 2069 1068 2133 lectione,
1102 2066 1137 2123 de
1165 2069 1247 2123 rebus
1277 2069 1333 2124 illis
1361 2073 1487 2145 singulis,
1589 2056 1593 2065 ’

163 2146 257 2209 caeto,
283 2142 445 2208 arboribus,
470 2144 590 2211 vitibus,
616 2150 722 2209 ramis,
749 2144 909 2212 segetibus,
934 2143 1087 2215 fontibus,
1113 2150 1211 2215 pratis
1234 2163 1320 2199 uuum
1343 2144 1485 2204 dumtaxat

163 2218 299 2274 hahentur
321 2223 548 2291 pronuntiatum:
563 2268 565 2271 ,
580 2221 626 2274 hic
650 2224 818 2273 inconcinne
841 2216 896 2272 due
911 2218 1036 2273 'adhibet
1063 2216 1096 2271 de
1124 2218 1241 2287 vitibus,
1269 2222 1428 2291 laetisoere,
1458 2242 1487 2281 et

159 2295 326 2367 pubescere:
351 2310 421 2364 quae
444 2309 535 2347 tamen
554 2300 599 2349 rix
618 2311 665 2349 aut
686 2313 720 2348 ne
741 2299 788 2347 vix
806 2291 917 2364 quidem
938 2299 1012 2347 iuter
1031 2310 1060 2346 se
1081 2292 1220 2354 differunt.
1260 2296 1317 2349 lam
1337 2298 1411 2367 quod
1430 2305 1488 2353 exi.

163 2377 261 2424 stimat
283 2385 330 2422 eos
352 2372 480 2435 comem,
505 2370 653 2440 inquibus
676 2384 764 2423 exstat
788 2366 964 2441 laetificare,
991 2374 1162 2442 patrocinari
1183 2369 1300 2424 lectioni
1319 2387 1335 2422 a
1357 2389 1386 2427 te
1407 2378 1490 2428 iudu-

164 2461 242 2499 ctae:
274 2458 358 2514 quam
381 2460 464 2516 prave
487 2459 516 2497 et
541 2445 619 2498 nullo
645 2443 764 2499 iudicio!
795 2444 909 2511 Quanto
931 2450 987 2499 veri
1009 2444 1129 2499 similius
1152 2464 1185 2498 ex
1206 2444 1292 2501 divisa
1314 2445 1488 2521 diphthongo

164 2517 324 2592 laetificae,
353 2537 432 2573 more
454 2524 484 2572 iu
506 2520 701 2573 vetustioribus
722 2517 925 2592 exemplaribus
948 2518 1092 2586 sollemni,
1122 2520 1284 2593 profluxisse
1307 2521 1375 2575 illud
1399 2523 1488 2575 laeti-

156 2594 272 2669 ficare,-
299 2598 380 2655 unius
406 2593 549 2655 dumtaxat
574 2595 670 2649 literae
693 2596 863 2667 insertione?
896 2593 1017 2648 Accedat
1038 2595 1108 2660 huc,
1133 2595 1212 2666 'quod
1233 2602 1289 2650 iam
1312 2598 1381 2653 olim
1400 2599 1487 2655 Nouii

165 2670 276 2724 codices
296 2666 437 2741 laetificae
459 2676 630 2741 agnoverint.
668 2668 741 2722 Illud
763 2674 805 2722 sic
827 2668 937 2740 colligo.
977 2671 1150 2724 versiculum
1170 2670 1245 2724 hune
1264 2677 1375 2727 tertium
1391 2672 1486 2729 laudat
1558 2730 1561 2737 ,

165 2751 195 2799 itt
218 2744 300 2798 verbo
319 2744 525 2809 Incurriscere,
551 2764 584 2798 er
605 2745 659 2797 ltoc
682 2749 743 2816 ipso
765 2743 844 2796 loco:
874 2744 941 2798 aiibi
965 2760 1057 2798 autern
1079 2763 1112 2798 ex
1132 2745 1188 2798 alio
1207 2742 1345 2814 auctore,⁸
1366 2750 1485 2805 Sisenes

163 2821 290 2881 seilicet,
317 2824 386 2872 citat
415 2821 569 2874 taetiscere.
612 2822 715 2890 Atqui,
743 2823 766 2873 si
791 2820 838 2872 bic
860 2825 919 2873 eius
949 2820 1060 2874 codices
1082 2818 1119 2878 rb
1142 2822 1287 2874 laetiseere
1313 2823 1485 2892 habuissent,

163 2902 224 2949 sine
240 2893 326 2946 dubio
342 2899 425 2947 etiam
442 2896 493 2948 hac
511 2912 575 2948 usus
592 2908 664 2947 esset
681 2899 855 2959 auctoritate,
876 2910 945 2967 quac
963 2894 1014 2947 sult
1031 2911 1125 2959 manu,
1147 2894 1198 2948 sub
1215 2897 1302 2950 oculis
1322 2913 1484 2953 versaretur.

163 3000 203 3014 ·-·
226 2971 315 3022 *Post
337 2986 505 3035 versaretur,
525 2970 613 3035 adde,
638 2968 753 3023 Codices
776 2975 866 3023 nostri
887 2987 982 3023 omnes
1001 2969 1210 3024 NlTESCEliE
1232 2971 1348 3039 habeut,
1381 2989 1407 3026 et
1432 2974 1487 3027 IN-

164 3043 418 3107 cumaena&
449 3063 525 3110 non,
555 3060 585 3098 ut
613 3044 721 3098 Nouius
757 3049 841 3110 citat,
875 3045 1081 3099 Incurvisoere.
1127 3047 1213 3100 Porro
1244 3045 1332 3101 codex
1360 3048 1485 3104 Gallicus

162 3116 405 3175 LAETIFICARE
427 3119 526 3183 hahet,
552 3121 650 3192 Regius
670 3119 897 3175 uanitatem.

239 3192 352 3247 *ibid
379 3196 575 3266 Hominemque
594 3201 683 3263 ipsum
701 3200 783 3265 quasi
801 3194 1045 3265 contemplatorem
1060 3192 1131 3264 caeli
1148 3212 1182 3245 ac
1198 3193 1321 3261 deorum,
1342 3201 1485 3267 ipsorum-

163 3288 216 3341 que
237 3271 383 3338 cultorem]
410 3272 499 3323 lacus
518 3269 681 3323 siue‘dubio
702 3267 866 3323 mendosus:
891 3268 958 3341 quid
976 3270 1071 3322 enimi
1097 3284 1149 3333 au,
1165 3284 1196 3329 ut
1211 3270 1337 3324 homiues
1356 3283 1485 3326 contem-

162 3345 283 3418 piantur
306 3344 410 3398 caelium
430 3360 457 3399 et
476 3344 621 3409 caelestia,
643 3349 776 3397 nimirum
796 3343 900 3409 oculis,
929 3349 968 3397 ita
990 3359 1019 3396 et
1038 3343 1111 3395 Deos
1134 3347 1269 3415 possunt?
1299 3346 1373 3420 Ergo
1396 3349 1485 3402 dictio

140 3464 144 3467 .
164 3425 264 3473 vitiosa
284 3435 341 3484 est,
363 3418 410 3473 sed
431 3419 521 3473 multo
541 3424 628 3492 magis
647 3425 799 3482 sementim
822 3434 908 3490 quae,
928 3435 959 3471 ut
977 3434 1053 3471 nunc
1067 3416 1171 3482 fertur,
1189 3424 1273 3489 ponit
1287 3422 1341 3474 sibi
1356 3432 1386 3475 et
1398 3432 1485 3477 sunsit

163 3494 224 3548 deri
243 3494 356 3558 DEOS,
383 3514 467 3567 quum
486 3493 555 3549 dicit
575 3495 778 3564 contemplator
799 3492 914 3545 deorum
935 3500 963 3544 et
987 3492 1096 3545 adeor:
1121 3500 1197 3564 atqui
1223 3500 1282 3569 ipse
1305 3499 1403 3552 Cicero
1427 3517 1485 3567 non

161 3574 244 3642 penit
265 3586 325 3621 esse
344 3569 426 3634 deos,
453 3567 501 3623 ted
520 3587 553 3621 ex
575 3570 619 3623 his
641 3573 709 3640 ipsis
728 3568 832 3639 probat
853 3585 926 3621 este:
955 3584 985 3620 ut
1008 3572 1118 3621 statim:
1152 3569 1230 3621 Haec
1249 3576 1342 3641 igitur
1362 3582 1392 3627 et
1412 3576 1485 3627 talia

163 3640 379 3698 innumerabilia
400 3663 481 3715 purms
503 3649 656 3710 cernimus,
673 3661 856 3715 possumusne
875 3640 1020 3708 dubitare,
1045 3648 1112 3714 puin
1130 3641 1174 3695 bis
1189 3652 1300 3715 praesit
1318 3650 1420 3721 aliquis
1437 3651 1486 3703 vel

67 3780 70 3793 ,
165 3713 282 3790 effletur
298 3721 347 3771 uel
359 3720 522 3772 moderator
541 3725 617 3771 tanti
634 3725 727 3790 operis
742 3727 771 3770 et
788 3719 930 3771 muneris?
951 3717 1052 3783 Vides,
1072 3723 1187 3792 opinor,
1207 3721 1383 3788 iamdudum,
1402 3740 1483 3795 quarn

164 3801 259 3867 inepte
281 3809 308 3848 et
331 3811 503 3861 praepostere
527 3794 647 3847 habeant
670 3794 771 3867 culpmi
797 3792 923 3859 codices,
955 3795 1156 3865 contemplator
1181 3804 1211 3847 et
1238 3799 1329 3850 cultor
1353 3798 1484 3852 deornm.-

164 3867 232 3923 dum
252 3874 281 3922 in
301 3886 334 3923 co
353 3888 391 3924 est
415 3887 528 3935 auctor,
550 3885 580 3923 ut
601 3868 715 3942 probet,
737 3866 912 3938 nondumque
931 3885 989 3923 rem
1009 3867 1149 3935 confecit,
1172 3869 1230 3924 dari
1247 3874 1328 3925 deum
1345 3872 1387 3926 vel
1406 3873 1482 3931 deos.

164 3946 227 3999 Duo
256 3962 288 3996 ex
315 3951 419 4000 nostris
444 3944 570 4010 codices,
598 3963 632 3996 ac
656 3945 771 3997 deorum
796 3962 946 4016 eorumque
972 3944 1122 3996 cultorem:
1154 3960 1182 3997 at
1203 3945 1326 4000 Gallicus
1354 3934 1481 4003 omilium

164 4023 343 4086 teterrimus,
365 4020 478 4072 deornm
496 4037 590 4072 eorum
606 4019 759 4071 cultorem:
781 4025 840 4074 siue
857 4018 1065 4072 coniunctione.
1092 4021 1221 4091 llepouo,
1242 4021 1339 4077 audaci
1355 4016 1482 4091 fortasse,

163 4100 188 4150 si
218 4093 311 4148 literas
340 4111 465 4167 spectes,
495 4092 543 4148 ted
564 4099 716 4148 necessaris
746 4092 779 4146 ad
807 4099 973 4147 sententiam
1002 4092 1212 4161 emendatione,
1238 4100 1484 4167 contemplatorem

153 4169 235 4222 <caeli
255 4187 290 4221 ac
311 4169 515 4224 TERRARUM
538 4171 688 4236 cultorem,
718 4179 800 4241 atque
820 4168 942 4221 hortinis
968 4169 1089 4220 utilitati
1107 4184 1197 4237 agros
1218 4189 1311 4225 onmes
1335 4182 1364 4225 et
1387 4181 1481 4227 maria

159 4250 303 4317 parentia.
350 4247 387 4299 Ut
410 4251 484 4298 enim
508 4244 614 4297 Terrae
639 4247 731 4297 ctdtor
752 4244 924 4315 Exercetpue
935 4242 1078 4315 frequens
1102 4244 1245 4311 tellurem,¹
1272 4255 1354 4318 atpne
1373 4250 1482 4304 IMPE-

163 4318 238 4376 ΕΔΤ
261 4319 384 4387 news,
406 4325 461 4387 ita,
484 4325 509 4373 si
531 4325 589 4387 agri
608 4319 754 4375 PARENT
774 4320 896 4373 hominis
919 4319 1053 4381 utilitati,
1077 4334 1191 4381 necesse
1214 4336 1271 4388 eet,
1295 4338 1324 4375 ut
1346 4330 1422 4397 prius
1445 4325 1480 4378 sb

163 4394 275 4447 homine
295 4394 505 4449 COLANTUR.
544 4396 629 4448 Recte
648 4399 732 4466 igitur
751 4393 907 4446 Terrarum
924 4396 1068 4458 cultorem

239 4472 341 4525 *Cen
360 4471 471 4524 xxix.
495 4472 573 4522 Haec
588 4475 679 4539 igitur
697 4477 725 4521 et
740 4468 793 4522 alia
809 4469 1024 4521 inntmterabilia
1041 4486 1123 4539 quum
1137 4474 1284 4539 cernimus]
1311 4472 1354 4525 Its
1370 4472 1480 4544 quidem

163 4539 261 4606 editt..
283 4544 447 4616 codicesque
469 4550 558 4598 nostri
577 4563 683 4598 omues.
728 4545 810 4598 Recte
836 4561 930 4598 tamen
953 4543 1120 4599 Gulielmius
1143 4562 1177 4596 er
1199 4550 1374 4615 coniectura,
1403 4550 1482 4601 Haec

162 4623 255 4686 igitur
275 4627 304 4670 et
322 4619 439 4674 Tatta.
476 4620 645 4692 Absorptunr
665 4635 707 4672 est
727 4617 767 4683 T,
788 4624 852 4692 quia
870 4620 952 4674 litera
971 4617 1066 4672 eadem
1086 4614 1281 4690 praecesserat.
1320 4622 1366 4675 Sic
1390 4624 1481 4697 paullo

162 4694 409 4823 militi·
424 4693 1378 4842 {titini‚iiiiiitittfdtii5322?th
1406 4774 1478 4847 ng„

162 4860 196 4895 er
218 4849 322 4897 nostrie
342 4849 487 4912 omuibus,
513 4845 700 4915 mittunt,
725 4859 755 4899 ut
775 4860 872 4917 autes,
892 4854 963 4899 neta
985 4851 1060 4898 sunt.
