3384 5359
654 244 865 390 unomen
885 279 1096 346 eunoun.
1164 224 1198 345 ’.

613 502 683 567 ΙΝ
725 504 1014 570 LIBRUM
1057 505 1146 570 111.
1227 540 1231 545 ·

295 655 320 723 ς.
338 661 363 712 1.
382 670 464 724 qnam
478 652 510 705 id
524 656 628 724 ipsum,
650 652 724 723 quod
739 652 858 723 indicat]
885 651 989 720 idest,
1010 673 1094 726 quum
1114 659 1173 728 ipse
1189 660 1315 720 animus,
1339 660 1387 727 qui
1407 655 1544 711 indicium

219 727 304 797 facit,
326 734 459 802 aegrotat.
498 729 530 780 ln
546 728 717 781 Manutianis
733 746 791 794 est,
813 749 866 801 qno
882 729 1004 782 iudicat.-
1026 734 1056 783 iu
1076 730 1149 796 aliis,
1168 735 1205 793 jn
1226 732 1324 802 quibua
1343 748 1384 785 est
1403 733 1544 799 Maneat„

219 824 271 875 qao
290 805 446 869 itsdioatttr,
471 801 576 868 idest,
599 821 653 874 quo
673 801 809 857 iudicium
831 804 877 858 fit:
898 823 964 871 non,
986 823 1040 876 quo
1064 806 1202 859 iudicatur
1221 822 1331 879 corpus,
1358 822 1389 859 ut
1409 808 1542 877 quosdam

220 885 395 951 interpretari
417 877 506 932 video.
547 879 775 951 interrogationis
798 896 863 932 nota
883 897 945 953 post
970 879 1084 933 terbum
1105 889 1253 950 aegrotet,
1277 879 1398 934 tollenda
1416 899 1467 936 est.

293 957 316 1022 i.
336 961 364 1015 3.
390 974 425 1025 ea
448 959 553 1006 virtuti
582 963 697 1006 resonat
726 963 868 1026 tamqnam
892 946 989 1023 imago
1011 960 1086 1024 voci]
1121 956 1167 1009 Sic
1199 955 1345 1028 legendum
1373 974 1433 1009 esse
1460 956 1541 1010 libris

219 1031 347 1084 omnibus
372 1026 481 1095 invitis,
506 1028 654 1083 Lambinus
675 1028 781 1083 scribit.
820 1030 899 1084 Libri
919 1045 1009 1083 autem
1031 1048 1088 1084 uon
1108 1037 1187 1096 voci,
1213 1030 1261 1084 sed
1283 1033 1394 1100 gloriae
1412 1030 1543 1103 probant,

219 1104 292 1177 quod
308 1105 451 1158 Turnebus
468 1104 528 1157 Lite.
546 1112 572 1160 2.
589 1105 712 1158 Advers.
730 1123 791 1177 cap.
808 1109 837 1164 6.
857 1110 899 1158 sie
916 1111 1125 1177 iuterpretatur:
1147 1107 1264 1180 gloriam
1279 1110 1377 1160 virtuti
1393 1112 1434 1160 sic
1453 1107 1541 1163 talete

219 1196 364 1251 resonare,
387 1194 418 1233 ut
437 1185 529 1253 imago
547 1181 617 1233 solet
637 1180 756 1253 gloriae,
780 1180 808 1233 id
829 1197 887 1248 est,
909 1197 938 1233 ut
956 1180 1062 1252 plausui
1081 1198 1108 1234 et
1130 1180 1378 1255 significationibus
1398 1199 1427 1235 et
1448 1198 1541 1255 gratu·

177 1304 183 1321 Ι
219 1253 386 1320 latioribus,
414 1256 513 1326 quibus
542 1255 658 1328 populus
686 1273 752 1308 toea
778 1256 850 1308 laeta
875 1271 903 1308 et
925 1255 1088 1309 mirabuuda
1110 1272 1138 1310 et
1159 1258 1244 1310 hilari
1266 1257 1387 1328 aliquem
1410 1257 1541 1325 celebrat,
1573 1286 1584 1297 ι

220 1329 366 1404 respondet
388 1331 480 1387 Echo.
505 1345 573 1402 quae
596 1331 693 1382 Latine
715 1327 820 1383 dicitur
842 1335 944 1402 imago.
1287 1344 1292 1354 ·

295 1407 318 1473 i.
338 1407 366 1463 4.
392 1423 557 1477 quorumque
577 1409 619 1456 ita
633 1405 849 1476 perturbantur]
876 1407 952 1459 ilaec
974 1420 1015 1459 ιιι
1037 1420 1159 1464 veterum
1184 1404 1321 1459 librorum
1343 1404 1439 1459 lectio.
1479 1407 1541 1460 Ma-

219 1486 313 1536 nutius
336 1485 579 1545 coniunctionem,
602 1500 652 1551 que
672 1481 798 1547 sustulit,
821 1497 849 1534 et
869 1497 938 1553 quae
957 1498 1122 1556 sequuntur,
1147 1485 1186 1534 ita
1204 1480 1348 1549 distinxit,
1369 1481 1446 1553 qnod
1464 1487 1538 1534 insi-

216 1555 357 1631 pientibus
376 1556 500 1607 omnibus
518 1561 676 1624 contingit:
700 1555 744 1607 his
763 1557 875 1608 rutilans
894 1587 913 1599 -
932 1587 951 1603 .-

294 1633 318 1700 ᾖ.
337 1636 364 1690 5.
390 1639 420 1683 ιι
439 1640 543 1682 natura
563 1634 670 1700 vatent]
695 1632 812 1683 valeant
836 1646 879 1684 est
899 1636 929 1683 in
950 1646 1091 1685 manuscr.
1110 1644 1137 1684 et
1155 1634 1292 1703 lmpressis
1312 1629 1466 1685 nonnulli&

292 1708 316 1773 §.
337 1712 364 1765 7.
390 1707 527 1757 inclinato
546 1710 603 1758 t'am
620 1712 650 1757 t'n
663 1706 885 1778 pomeridianum
905 1715 1012 1776 temptes
1024 1704 1085 1774 die]
1104 1704 1355 1757 Postmeridiantsm
1374 1709 1421 1758 alii
1442 1707 1538 1774 edunt,

221 1797 388 1856 quamquam
404 1781 502 1834 Cicero
522 1785 552 1833 in
571 1782 696 1833 Oratore
718 1780 832 1846 scribit,
857 1781 1068 1853 pomeridianas
1085 1780 1255 1851 quadrigas,
1281 1780 1362 1851 paam
1379 1787 1537 1853 postmeri-

147 1922 149 1927 θ
220 1858 337 1919 dianas,
359 1874 389 1906 ss
408 1856 538 1906 libentius
553 1855 661 1908 dicere:
677 1855 928 1928 postmeridianam
944 1872 1034 1908 tamen
1051 1874 1113 1909 eum
1131 1871 1292 1928 usurpasse,
1312 1871 1434 1909 veterum
1449 1857 1539 1909 libro·

219 1949 283 1987 rum
301 1935 453 1984 auctoritas
472 1929 651 1998 demonstrat,
674 1947 704 1985 ut
723 1930 784 1985 Lib.
800 1935 827 1989 3.
850 1929 884 1982 de
903 1930 1043 1983 Oratore:
1064 1948 1145 2003 quum
1162 1936 1257 1983 omnes
1273 1931 1410 1984 inclinato
1428 1936 1486 1983 t'am
1507 1938 1537 1983 itt

217 2005 470 2080 postmeridianum
487 2014 594 2077 temptes
612 2007 658 2058 die
677 2011 819 2058 venissent
838 2005 879 2056 ad
896 2006 1037 2060 Crosinm.

294 2079 385 2134 Ibid.
404 2080 595 2153 formidines,
614 2081 756 2148 libidines,
777 2079 978 2159 iratundiaei]
1005 2082 1038 2151 lu
1059 2080 1103 2135 his
1118 2078 1233 2134 vocibus
1248 2097 1342 2134 omnes
1359 2079 1447 2151 libros
1467 2085 1539 2137 inter

172 2184 175 2191 ⁴
216 2174 252 2229 Ιιι
271 2162 429 2211 consentire
447 2156 541 2211 tideo:
574 2172 601 2209 ιι
629 2173 721 2211 tamen
742 2162 772 2210 in
799 2159 935 2210 sententia
961 2172 1076 2223 maneo,
1108 2171 1139 2208 ut
1166 2170 1334 2229 postremam
1361 2171 1376 2207 a
1402 2158 1538 2210 Cicerone

219 2236 340 2308 positam
363 2249 502 2286 noneste
527 2235 697 2286 existimem:
731 2248 814 2303 quum
841 2236 917 2284 snitu
943 2231 1163 2304 perturbationes
1189 2236 1245 2284 sint
1262 2248 1371 2303 genere
1397 2246 1539 2302 quattuor,

219 2305 380 2381 aegritudo,
402 2323 511 2374 metus,
538 2306 624 2361 iibido
643 2311 700 2361 sive
722 2304 874 2380 cupiditas,
901 2318 928 2367 ιι
948 2305 1151 2379 voluptasne
1173 2306 1296 2375 laetitia,
1317 2304 1345 2358 id
1368 2321 1427 2369 est.
1449 2308 1537 2376 λιιιη,

220 2385 337 2463 poploe,
358 2381 518 2460 ἐπιθυμέω
531 2378 586 2439 καὶ
604 2379 714 2457 ἡδονή,
736 2380 888 2452 dequibus
907 2381 962 2434 hoc
982 2398 1009 2435 ιι
1029 2386 1153 2454 sequenti
1171 2381 1242 2434 libro
1263 2380 1435 2453 disputatur:
1458 2384 1537 2435 Cice-

219 2473 316 2513 ronem
332 2456 420 2511 tribus
440 2456 585 2529 generibus
608 2462 724 2530 positis,
746 2455 920 2529 quarttioco
940 2461 1015 2511 tertii
1035 2473 1138 2523 partem
1155 2471 1328 2523 numerasse,
1349 2472 1408 2509 non
1425 2473 1536 2528 possum
1627 2492 1631 2497 ι

219 2532 319 2587 adduci
335 2547 366 2585 ut
382 2532 504 2593 credam
528 2532 681 2604 quaerenda
698 2537 783 2605 igitur
799 2549 852 2586 vox
870 2547 928 2605 est,
950 2540 1004 2603 qua
1022 2528 1116 2607 ηδονὴ
1132 2536 1317 2605 exprimatur,
1335 2547 1363 2585 ιι
1380 2528 1537 2598 videndum,

219 2623 270 2677 au,
291 2606 490 2671 iucunditates,
514 2611 550 2660 sit
570 2606 726 2681 legendum.
919 2608 923 2623 ¹

293 2683 318 2749 ᾗ.
340 2689 383 2738 10.
409 2686 455 2754 qui
476 2687 549 2732 enim
566 2689 676 2734 animas
693 2691 736 2735 est
756 2686 787 2734 in
806 2683 899 2754 aliquo
921 2680 1029 2751 morbo]
1056 2681 1176 2734 Collatia
1197 2695 1239 2734 est
1261 2695 1359 2753 parum
1382 2684 1536 2753 interrupta

219 2756 387 2833 parenthesi.
424 2760 516 2827 Quare
538 2776 597 2811 uon
617 2758 706 2831 piaret
727 2757 897 2831 quorundam
918 2756 1019 2810 lectio:
1051 2762 1110 2828 anis
1132 2761 1205 2808 enirn
1224 2773 1310 2806 sanas
1330 2763 1375 2807 est
1395 2762 1426 2807 in
1444 2756 1535 2825 αιιᾳιιο

218 2831 336 2886 morbo?

296 2902 388 2960 ibid.
414 2923 483 2978 pisae
501 2913 545 2958 est
559 2910 682 2975 insania]
708 2926 776 2978 petas
796 2916 870 2959 esset
888 2912 1015 2972 insanie,
1035 2904 1158 2959 inlibris
1176 2905 1259 2958 Nonii
1278 2902 1408 2957 Marcelli
1426 2903 1534 2976 legitur.

295 2983 320 3050 5,
339 2988 385 3038 11.
409 2999 491 3051 prtum
512 2986 603 3033 exisse
626 3000 662 3032 ex
680 2988 834 3053 potestate]
850 2983 922 3035 -Ηοι
944 2998 1028 3055 genus
1051 2978 1181 3052 loquendi
1204 2981 1275 3032 unde
1296 2996 1393 3033 uatum
1413 2985 1468 3047 sit,
1490 2998 1534 3033 ea·

217 3062 299 3140 ponit
322 3055 467 3121 Turnebus
489 3056 549 3109 Ltt.
566 3063 593 3112 2.
613 3056 735 3109 Advers.
755 3076 815 3127 cap.
836 3064 880 3112 11.

294 3129 385 3186 ibid.
411 3132 442 3182 St
454 3128 799 3202 furiositatem-incipit]
826 3133 905 3202 Legis
927 3130 1009 3184 verba
1031 3130 1103 3183 libro
1124 3136 1149 3184 2.
1169 3129 1203 3180 de
1221 3130 1385 3199 Inventione
1403 3145 1431 3184 et
1449 3139 1476 3187 1.
1498 3128 1535 3180 ad

220 3209 389 3265 Herenrtitsnt
408 3212 446 3259 ita
465 3222 529 3259 suut
551 3198 702 3278 concepta:
728 3208 759 3258 Si
769 3205 906 3276 jisriostts
924 3211 1053 3270 exsistit,
1080 3206 1218 3274 agnattirn
1235 3206 1434 3275 gentiliumque
1453 3211 1484 3256 in
1502 3221 1533 3255 eo

218 3287 386 3356 pecnniaqtte
402 3286 460 3332 eins
471 3272 599 3353 potestas
614 3290 683 3335 esto.
709 3282 816 3335 Nonius
834 3281 910 3345 hinc,
930 3278 996 3352 quid
1004 3279 1098 3352 furor
1115 3279 1149 3332 ab
1165 3284 1277 3331 insania
1291 3279 1532 3342 distet,¹ottendit.

293 3358 318 3425 ᾗ.
337 3362 380 3413 12.
406 3374 462 3425 ego
483 3375 551 3427 uero
572 3361 616 3409 ita
633 3360 776 3426 existimo]
802 3356 841 3407 Et
862 3374 946 3419 vero,
972 3354 1045 3427 quod
1068 3355 1210 3410 Manutius
1234 3372 1269 3407 ex
1291 3354 1397 3427 Sigonii
1420 3346 1533 3427 antiquo

220 3427 294 3485 libro
316 3429 431 3504 probat,
452 3436 482 3484 in
501 3447 597 3485 nostro
616 3450 725 3505 quoque
745 3448 882 3485 manuscr.
898 3431 1016 3504 legitur3
1037 3446 1120 3502 quare
1141 3435 1179 3484 ita
1199 3447 1308 3502 repone.

296 3503 386 3559 ibid.
412 3524 446 3557 ne
467 3515 603 3575 aegrotus
623 3514 693 3573 sint,
716 3512 813 3578 inquit]
840 3507 924 3560 Vetus
947 3508 1033 3560 lectio
1056 3509 1180 3558 omnium
1201 3504 1335 3557 librorum
1357 3510 1533 3576 antiquorum

219 3595 272 3647 est,
291 3581 336 3632 Νι
352 3587 556 3649 aegrotassint:
574 3586 620 3631 sin
636 3580 820 3655 puidfnert't,
842 3600 941 3633 sensns
958 3586 1038 3646 assit,
1055 3597 1136 3653 quam
1154 3579 1235 3653 vulgo
1251 3585 1292 3632 sic
1308 3578 1533 3652 depravaverant:
1593 3649 1598 3655 .
1670 3646 1671 3657 ἵ

218 3656 279 3712 Νιο
300 3663 420 3724 aegroto
440 3660 541 3720 etiam,
572 3662 677 3728 inquit,
700 3663 756 3708 nisi
773 3663 812 3722 is,
836 3662 882 3728 qest·
895 3656 1016 3727 fuerat,
1043 3674 1141 3707 sensns
1159 3653 1250 3707 adsit:
1282 3654 1369 3707 donec
1392 3659 1532 3706 Victorius

220 3729 369 3786 Asuiamtn
386 3729 537 3783 editionem
557 3746 683 3797 secutus,
709 3736 849 3785 restituit:
872 3732 918 3784 Ne
938 3738 1074 3800 aegrotus
1093 3736 1161 3794 sim,
1182 3734 1285 3801 irtqrtt't:
1306 3729 1356 3780 sed
1371 3733 1397 3780 st'
1411 3728 1532 3800 fitertm,

219 3824 317 3859 sensas
334 3805 419 3859 adsit.
457 3804 565 3861 Graeca
585 3807 666 3859 verba
685 3808 827 3862 Crantoris
849 3810 878 3860 in
898 3806 1035 3860 Plutarchi
1053 3806 1248 3859 Consolatione
1268 3820 1345 3857 sunt:
1368 3803 1413 3881 μὴ
1431 3804 1533 3861 νοσσι-

221 3901 293 3962 μεν’
317 3880 470 3955 νοσήσασι
486 3878 518 3938 δὲ
536 3881 647 3955 παρείη
668 3879 714 3946 τὶς
735 3883 901 3954 αἴσθησις,
926 3880 971 3939 εἴτ’
998 3871 1054 3939 οὖν
1073 3878 1214 3958 τέμνοιτό
1235 3899 1265 3951 ιι
1287 3882 1347 3936 τῶν
1369 3876 1532 3954 ημιιέρων,

220 3955 273 4015 elr'
294 3952 473 4028 ἀποσπῷτο·
493 3951 600 4033 τὸγὰρ
613 3954 770 4015 ἀνώδυνον
782 3962 874 4016 τοῦτο
887 3955 944 4016 οὐκ
956 3951 1029 4015 ἄνευ
1040 3955 1181 4034 μεγάλων
1197 3953 1230 4030 ἐγ
1249 3953 1344 4011 irritat
1353 3955 1481 4029 μισθῶν
1491 3953 1533 4023 τῷ

220 4028 394 4109 dardaniam·
413 4033 628 4104 τεθηριῶσθαι
640 4028 700 4107 γὰρ
713 4028 792 4096 εἰκὸς
808 4030 868 4090 ἐκεῖ
881 4033 939 4108 μὲν
953 4033 1046 4107 σῶμα
1058 4033 1205 4094 τοιοῦτον,
1223 3974 1362 4088 brania
1375 4024 1407 4084 ii
1421 4036 1532 4102 ψυχηκ.

294 4108 318 4173 §-
338 4109 382 4163 13.
401 4105 577 4175 qttamohrem
589 4111 719 4179 qttoniam
734 4111 882 4179 coepimus]
903 4107 936 4160 ln
951 4120 1092 4180 postrema
1108 4105 1230 4159 editione
1245 4103 1408 4156 Manutiaua
1424 4102 1533 4173 iegitur,

237 4180 293 4232 aad
313 4197 360 4232 coe
379 4184 458 4232 intas.
1036 4196 1040 4201 ’
1518 4194 1526 4203 ·

217 4197 237 4250 q
296 4199 380 4321 §.1¹1
406 4261 454 4326 qni
464 4252 561 4324 fortis
580 4264 639 4321 est,
663 4255 736 4308 idem
754 4264 797 4307 est
806 4253 916 4327 fidens]
942 4251 1131 4308 Confidentiae
1148 4269 1175 4307 et
1191 4252 1318 4306 fidentiae
1337 4250 1533 4305 discretionem

222 4327 266 4383 M.
285 4329 391 4382 Tullius
413 4331 461 4383 hic
484 4330 596 4403 pandit,
621 4347 651 4384 ut
669 4332 777 4386 Nonius
799 4332 908 4393 scribit.
1338 4368 1341 4373 «

225 4448 228 4455 n
297 4403 385 4457 Ibid.
412 4414 441 4458 et
457 4403 659 4476 infractionem
674 4406 813 4477 quandam
827 4407 926 4473 anirnt]
952 4402 1030 4457 Idem
1046 4403 1170 4467 Nonius,
1190 4399 1392 4472 infractionem
1407 4401 1454 4453 hic
1470 4408 1533 4452 tor-

218 4495 319 4550 porem
338 4484 544 4553 iuterpretatur.
581 4478 716 4534 infractus
737 4486 845 4534 animm
866 4498 916 4554 pro
935 4477 1024 4534 fracta
1044 4494 1071 4533 st
1090 4477 1226 4545 demisso,
1249 4478 1353 4530 dicitur
1367 4483 1436 4546 post
1454 4475 1533 4531 redi-

222 4561 283 4606 tum
303 4553 344 4605 ad
390 4561 496 4608 nirites.

296 4555 388 4697 §.169
407 4630 464 4682 Sed
476 4630 577 4683 habere
593 4639 688 4703 potest
706 4627 888 4708 ἀβλάβειαν]
915 4612 977 4683 Hoc
995 4632 1146 4690 nomen,iu
1164 4618 1376 4679 vetustiaiibtis
1397 4629 1534 4697 integrunt

222 4718 279 4770 est,
300 4722 351 4777 pro
370 4721 424 4774 quo
443 4712 518 4778 prius
539 4706 699 4786 tutamina
719 4707 850 4759 mendose
873 4705 1020 4777 legebatur.
1059 4704 1106 4757 Sic
1125 4700 1196 4776 quod
1220 4701 1309 4779 Stoici
1330 4699 1444 4765 dicunt,
1463 4694 1534 4762 τοὺς

220 4778 338 4851 σοφοὺς
355 4778 501 4860 ἀβλαβεῖς
515 4778 608 4847 εἶναι,
628 4783 726 4836 Cicero
742 4781 802 4834 Lib.
819 4786 845 4842 5.
862 4780 896 4833 de
908 4779 1020 4853 finibus
1036 4783 1133 4852 vertit,
1151 4779 1272 4832 alienant
1287 4793 1347 4828 esse
1365 4793 1385 4827 o
1402 4779 1527 4846 sapiente

218 4868 326 4909 MCGI'U,
