3384 5359
228 233 295 332 'aad
335 285 357 327 >.
657 264 884 331 tanturn
907 238 1122 330 aurion.

227 400 371 474 tiendum,
389 406 497 479 iuquit,
516 402 585 475 erit,
606 411 657 469 te'n¹
674 412 772 480 iniquo
794 411 887 460 auimo
907 422 935 459 et
957 406 1100 478 ingratiis,
1120 410 1178 459 sire
1197 395 1330 476 seducet
1347 402 1561 463 libertasse·

226 498 325 537 renum
346 499 373 536 et
393 487 596 556 tergiverseris,
625 487 682 536 sive
701 497 796 556 pareas
817 498 844 535 et
864 499 971 535 moreat
995 499 1083 555 geras.
1120 482 1326 568 Hucapposite
1348 482 1487 533 wceduot
1508 479 1559 532 tit·
1649 502 1650 505 ¹

227 558 334 615 Graeca
354 554 517 624 Oeanthts,
543 574 612 630 quae
632 559 730 626 Latine
748 557 888 629 eleganter
910 556 1032 610 vertebat
1055 558 1176 623 Seneca,
1198 556 1288 631 Epist.
1304 556 1389 610 cili.

451 630 517 701 Duc
534 632 593 699 me,
615 652 722 704 parens
742 635 859 706 celsique
878 633 1039 684 demittatur
1055 634 1125 703 poli,

452 711 617 780 Quocunque
636 711 762 780 placuit:
787 705 866 760 nulla
888 708 1001 781 parendi
1025 726 1107 760 mora
1128 715 1190 768 est,·

452 785 562 838 Adsum
583 790 721 855 impiger:
745 783 802 836 tite
823 783 913 838 nolle:
940 784 1096 835 comitabor
1115 800 1249 851 pennus,-

246 862 250 883 ’
339 894 346 899 ·
452 860 602 930 Maiusque
618 864 733 931 patiar,
747 852 830 929 'fiand
842 865 908 931 pati
927 860 1004 911 licuit
1024 858 1106 910 bono.

245 942 257 979 i
300 982 301 985 ,
452 935 569 987 Ducunt
587 937 726 987 volentem
739 933 833 1005 jain,
854 937 992 986 nolentem
1011 933 1137 987 tramant.

228 1040 273 1082 -·Ι
286 1009 379 1085 {Post
395 1010 524 1076 trahunt,
542 1010 629 1075 adde,
651 1026 680 1062 ut
700 1010 781 1062 MSS.
801 1010 889 1064 nostri
910 1027 1013 1063 omnes.
1034 1037 1070 1051 —
1097 1009 1166 1060 Post
1183 1009 1311 1071 trahunt,
1332 1006 1419 1071 adde,
1439 1006 1476 1059 Et
1496 1003 1559 1057 ioe-

229 1091 310 1156 ttssis
336 1105 368 1138 ex
391 1085 435 1139 his
455 1090 522 1158 ipsis
544 1087 622 1136 milla
643 1082 907 1139 PARENDt'mom
924 1095 967 1135 est
987 1084 1175 1157 reponendum
1195 1089 1265 1150 erit,
1290 1088 1350 1134 siae
1372 1082 1559 1148 retractabis,
1649 1086 1650 1097 ¹

228 1167 290 1214 sive
305 1161 474 1216 PtRssBtsz
498 1159 571 1232 quod
589 1164 715 1215 Davisius
736 1178 831 1212 noster
850 1165 995 1232 suggessit.
1558 1210 1566 1219 ‚

283 1274 284 1277 ,
305 1238 533 1297 *cinxttttt
559 1236 691 1305 A.‘Quicl
704 1232 817 1304 refert?
836 1236 941 1286 adsunt
959 1239 1042 1299 enim,
1063 1239 1109 1305 qui
1125 1232 1192 1286 trec
1206 1252 1262 1285 non
1274 1228 1401 1304 probent.
1429 1232 1472 1284 M.
1491 1230 1558 1299 Ego
1618 1228 1624 1239 ’

190 1372 202 1389 l
229 1320 322 1364 aretem
338 1330 477 1382 nunqrtam
499 1317 543 1361 ita
565 1319 594 1362 te
614 1316 644 1362 in
664 1310 717 1361 lroc
738 1327 865 1362 sermone
883 1309 1040 1374 dimittam,
1065 1311 1123 1361 ulla
1144 1315 1187 1361 utt'
1205 1314 1330 1374 ratione,
1357 1317 1389 1358 nt
1408 1325 1485 1358 mors
1504 1307 1558 1357 tibi
1649 1316 1650 1323 ¹

229 1388 322 1439 videri
340 1388 442 1438 matrim
455 1389 557 1458 possit]
587 1389 664 1439 Prius
682 1386 861 1459 personarum
880 1402 962 1439 notae
982 1388 1047 1438 ltine
1064 1383 1225 1437 auferendae
1242 1401 1320 1436 sunt:
1344 1389 1444 1454 quippe
1467 1398 1558 1434 totum

231 1462 286 1516 hoc
308 1463 407 1514 Cicero
423 1460 560 1533 loquitur:
585 1478 614 1515 ut
631 1478 658 1515 et
678 1465 814 1533 sententia
835 1461 950 1526 indicat,
971 1479 997 1514 et
1015 1460 1179 1514 vocabulum
1202 1460 1344 1513 AUTEM:
1367 1476 1431 1510 narn
1451 1457 1556 1529 alioqui

232 1538 363 1601 dixisset,
386 1536 451 1606 Ego
470 1556 550 1590 vero.
589 1535 697 1589 Deinde
720 1552 795 1588 reete
822 1555 887 1589 curn
912 1538 1041 1590 Marrutio
1064 1552 1090 1588 et
1115 1535 1252 1587 Lambino
1275 1535 1421 1606 distinguit
1444 1550 1470 1584 et
1496 1552 1559 1583 eor·

169 1660 175 1673 ,
231 1618 316 1685 rigis,
340 1616 383 1663 ita
401 1613 560 1677 dimittam,
585 1615 643 1663 ulla
661 1617 704 1664 nti
725 1618 836 1663 ratione
859 1630 935 1663 mors
957 1611 1009 1663 tihi
1029 1610 1123 1662 uideri
1142 1613 1244 1662 ntalum
1264 1615 1372 1680 poerit:
1406 1614 1460 1662 nisi
1481 1605 1557 1679 quod

231 1687 345 1753 malim,
369 1688 427 1738 ulta
447 1674 498 1741 iit
518 1693 645 1752 ratione,
675 1707 710 1741 ne
730 1687 857 1759 ambigua
880 1687 967 1742 dictio
990 1688 1055 1739 UTI
1077 1691 1203 1757 ratione,
1231 1702 1300 1757 quae
1322 1686 1443 1738 librariis
1465 1681 1556 1736 fraudi

120 1796 126 1801 -
231 1760 303 1829 fuit,
329 1767 413 1815 etiem
435 1780 509 1816 nunc
531 1762 682 1816 lectoribus
705 1768 837 1834 imponat.

287 1830 424 1891 '*·1·btd.
453 1838 592 1891 Catervas
611 1844 729 1889 veniunt
744 1837 1011 1903 contradicentium,
1040 1853 1097 1889 non
1123 1836 1213 1888 solum
1231 1833 1445 1906 Epicureorum]
1473 1831 1557 1887 MSS.

143 1960 147 1967 .
231 1900 326 1966 nostrl
343 1930 456 1977 omnes,
480 1913 553 1977 NEC
575 1914 673 1966 saltim.

309 1988 390 2041 Cir.
411 1989 536 2042 xxxii.
562 1989 639 2041 Num
662 1993 701 2041 ris
723 1992 817 2057 igitur
838 1986 953 2055 audire,
982 2005 1048 2051 cur,
1078 1991 1191 2038 etiamsi
1215 1990 1251 2037 ita
1278 1989 1333 2049 sit,
1361 2001 1440 2035 mors
1464 1991 1557 2034 tamen
1648 2042 1650 2055 .

233 2080 291 2115 non
309 2067 397 2114 sitin
415 2062 512 2134 malis]
540 2064 623 2116 Mas,
641 2063 695 2117 duo
714 2069 801 2117 nostri
819 2067 974 2123 veterrimi,
997 2062 1171 2114 NnmrNON
1182 2061 1241 2113 vts
1259 2059 1476 2127 igitur'audt're.
1505 2056 1557 2111 Sed

235 2139 367 2211 Scltioppi
394 2137 480 2190 codex
506 2139 647 2213 (narrante
670 2134 781 2193 A'ndrea
804 2136 934 2211 schotto)
960 2137 1096 2190 NUMNE
1117 2142 1180 2187 vis:
1206 2135 1278 2205 qaod
1304 2134 1403 2207 placet.
1450 2132 1557 2187 Deinde

233 2213 317 2267 MSS.
349 2218 454 2279 nostri,
483 2214 568 2268 tsta
593 2219 640 2268 sit.
685 2215 817 2279 Nesciat,
846 2230 938 2266 utrum
965 2217 1107 2286 scripserit
1136 2227 1250 2278 auctor,
1279 2208 1364 2263 isti
1389 2208 1494 2275 stet'r,
1523 2223 1556 2260 ao

311 2362 400 2417 lbid.
427 2362 483 2415 Sed
499 2382 541 2414 me
560 2381 639 2415 nemo
662 2362 695 2414 de
716 2363 930 2414 immortalitate
952 2361 1078 2434 depellet.
1116 2361 1162 2415 M.
1183 2359 1281 2413 Laudo
1303 2358 1335 2410 id
1355 2358 1481 2430 quidem:
1502 2352 1558 2409 etsi

234 2435 427 2490 utilissimis
447 2446 557 2508 oportet
579 2436 734 2510 confidere]
762 2439 804 2491 lta
827 2455 891 2511 port
910 2441 1065 2503 victorium
1088 2434 1173 2489 edidit
1194 2435 1375 2499 Gebhardus,
1406 2438 1557 2486 manuscri-

188 2537 190 2539 ·
235 2517 291 2587 ptis
311 2518 368 2565 suis
385 2514 522 2566 serviliter
538 2512 675 2578 addictus,
694 2518 840 2585 quantovis
857 2512 1023 2567 detrimento
1043 2516 1206 2565 sententiae.
1245 2509 1319 2579 Quid
1338 2512 1432 2564 enimi
1454 2509 1557 2560 nila'tne

236 2595 348 2658 oportet
376 2593 478 2640 animis
504 2587 666 2659 confidere?
700 2590 818 2642 hoccine
840 2604 871 2642 ut
894 2590 994 2642 Cicero
1017 2586 1135 2640 dixerit?
1172 2586 1246 2654 Quid
1275 2590 1360 2658 igitur
1389 2601 1447 2637 tam
1475 2584 1556 2656 longa

236 2663 289 2716 bac
309 2662 497 2734 disputatione
517 2679 609 2715 actum
631 2666 691 2718 esti
714 2680 845 2735 quorsum
867 2664 929 2731 illa,
953 2669 1007 2717 uisi
1027 2678 1056 2716 ut
1078 2679 1155 2732 spem
1175 2663 1256 2714 nobis
1275 2679 1301 2714 et
1325 2661 1452 2712 fiduciam
1473 2658 1556 2713 iaciat

236 2738 454 2790 Immortalitatis
480 2741 657 2791 animorum?
691 2741 754 2808 Quo
781 2755 864 2812 pacto
891 2756 981 2793 autem
1011 2738 1109 2789 laudat
1130 2738 1258 2790 fidutiam
1279 2736 1503 2801 interlocutoris,
1533 2739 1555 2787 si

236 2811 310 2865 nihil
333 2812 409 2866 iubet
428 2812 583 2867 confideret
614 2815 690 2867 Haec
714 2829 778 2868 suut
802 2821 961 2887 pugnantia.
1001 2816 1092 2883 Quare
1115 2830 1212 2865 revoca
1234 2829 1351 2865 veterem
1371 2811 1522 2864 lectionem
1541 2826 1555 2860 a

149 2934 153 2945 .
238 2889 370 2943 Munatio
393 2904 420 2941 et
442 2888 578 2942 lumbino
599 2888 744 2943 traditam:
771 2890 828 2941 Sed
846 2889 919 2941 nihil
936 2889 1045 2943 NthS
1068 2896 1181 2957 oportet
1202 2887 1372 2961 confideres
1392 2887 1477 2939 Recte
1498 2889 1557 2957 qui-

238 2961 310 3016 dern.
349 2964 409 3016 Hoc
429 2970 503 3016 enim
524 2969 646 3017 caveatis
666 2981 707 3018 est
727 2981 754 3018 et
774 2983 852 3037 spem
872 2965 971 3016 clentis
991 2981 1022 3016 re
1039 2965 1259 3023 corroborantisr
1280 2962 1347 3015 illud
1364 2977 1462 3015 contra
1482 2977 1556 3034 rpem

237 3055 349 3091 omnent
370 3039 554 3112 praecidentis
574 3056 602 3092 et
621 3038 792 3113 abnegantia.
812 3069 851 3082 -
886 3040 981 3092 *Dete
1001 3044 1073 3105 suis,
1103 3048 1130 3090 et
1151 3045 1242 3090 insere
1268 3036 1344 3111 (nam
1363 3053 1391 3090 et
1410 3042 1499 3091 nostri
1517 3041 1556 3089 sic

125 3160 127 3169 ,
167 3136 175 3153 ²
238 3112 364 3187 habent.)
449 3164 453 3168 Α

315 3187 430 3259 *ibid
456 3187 514 3240 Eos
535 3188 613 3252 dica,
643 3194 691 3258 qui
708 3194 790 3240 aiunt
811 3195 922 3241 animos
944 3208 1072 3255 manere,
1105 3207 1120 3240 s
1142 3205 1257 3259 corpore
1275 3206 1357 3259 prtum
1378 3189 1555 3254 excesserint]

181 3290 182 3293 ¹
216 3261 335 3337 ,Nostri
359 3262 440 3317 codd.
468 3256 574 3317 omnes'
591 3270 783 3318 numerosius:
820 3264 875 3334 Qui
901 3271 982 3316 aiant
1002 3282 1115 3316 manere
1141 3268 1266 3330 animos,
1292 3280 1373 3334 quum
1400 3281 1415 3313 e
1444 3279 1556 3333 corpore

239 3344 421 3391 excesserint.

316 3414 430 3466 *ibid
458 3412 534 3464 Illud
550 3422 643 3464 autem
662 3412 737 3483 quod
753 3432 809 3466 nort
828 3414 910 3466 modo
932 3412 1020 3479 facile
1040 3414 1079 3465 ad
1096 3412 1261 3465 credendum
1280 3420 1339 3476 est,
1370 3410 1421 3462 sed
1437 3430 1469 3463 eo
1488 3428 1556 3462 con-

181 3524 184 3529 <
240 3504 333 3551 cesso,
353 3489 427 3560 quod
443 3490 558 3551 volunt,
585 3507 767 3561 consequens,
792 3489 824 3540 id
844 3506 918 3542 certe
941 3508 998 3542 non
1016 3490 1104 3555 dant,
1129 3497 1175 3553 ut,
1200 3505 1282 3559 ‹purm
1299 3487 1347 3538 dia
1362 3492 1556 3557 permanserit,

240 3580 275 3613 ne
292 3566 424 3629 intereat]
453 3564 505 3615 Pro
521 3562 553 3613 id
567 3572 642 3614 certe
661 3581 688 3616 et
705 3570 793 3618 nostri
809 3581 838 3617 et
856 3565 973 3618 aliorum
991 3564 1102 3618 codices
1121 3562 1282 3617 tltctttCO.
1321 3564 1419 3627 Recte,
1440 3566 1556 3614 sirecte
1645 3602 1650 3637 t

215 3660 218 3663 Δ
242 3634 413 3703 distinguas:
439 3638 515 3688 Illud
531 3646 623 3688 autem
643 3637 728 3711 (qnod
745 3658 801 3690 non
823 3641 904 3695 modo
918 3638 1013 3711 facila
1035 3640 1075 3690 ad
1092 3637 1258 3689 credendum
1275 3646 1334 3689 est:
1365 3636 1417 3687 sed
1435 3646 1467 3688 eo
1488 3655 1557 3688 con-
1649 3662 1650 3667 ¹

241 3729 334 3777 cesso,
363 3711 439 3785 qaod
459 3714 574 3777 volunt,
599 3732 766 3785 consequeus
784 3712 920 3789 idcirco,)
942 3734 997 3767 non
1020 3715 1108 3779 dant,
1135 3721 1166 3763 nt
1192 3731 1274 3784 qrnrm
1295 3712 1344 3763 din
1361 3718 1555 3784 permanserit,

241 3804 299 3840 non
318 3793 451 3840 intereat.
490 3789 550 3841 Hoc
572 3805 631 3852 est,
656 3795 679 3841 si
700 3790 836 3843 concedas
856 3790 903 3842 diu
919 3788 1241 3860 permanere'snimunt,
1267 3804 1383 3861 corpore
1400 3792 1577 3841 tecentemt'
1649 3832 1650 3835 η

242 3861 358 3929 idcirco,
382 3864 418 3916 ob
438 3879 498 3915 eam
518 3870 725 3917 concessionem
744 3883 914 3936 consequens
933 3882 990 3930 est,
1012 3873 1044 3916 at
1061 3872 1176 3915 maneat
1196 3879 1336 3936 perpetuo.

318 3938 432 3995 *ibid
458 3940 549 3992 Nasci
563 3947 656 3990 uitem
673 3946 797 3992 ammos:
822 3940 897 4011 qnod
913 3939 1035 3993 declaret
1050 3957 1144 3992 eorum
1159 3939 1329 4003 similitudo,
1349 3943 1397 4011 qui
1415 3954 1557 4013 procreau-

243 4015 303 4081 tur]
329 4013 393 4069 Duo
413 4020 502 4068 noitri
522 4020 678 4080 veterrimi,
698 4015 780 4085 Quod
797 4016 920 4068 declaret
935 4048 953 4059 -
969 4022 1016 4087 qui
1030 4022 1223 4086 procreentur.
1263 4016 1361 4068 Recte:
1385 4030 1448 4068 nam
1468 4012 1557 4066 mode·

243 4092 313 4141 ttius
333 4106 390 4157 est,
415 4089 498 4159 Quod
518 4090 664 4142 declama
684 4101 784 4162 queat5
811 4108 841 4145 ut
863 4089 930 4144 illud
953 4107 994 4145 ert
1017 4095 1205 4162 arrogantius,
1229 4089 1377 4143 Declarat.

321 4164 400 4218 Car.
420 4166 561 4219 xxxin.
587 4165 672 4218 Nihil
687 4172 863 4219 necessitatis
877 4159 985 4237 affin,
1018 4183 1068 4218 eur
1089 4173 1243 4216 nascantur
1270 4170 1357 4216 animi
1363 4205 1371 4231 ,
1400 4154 1556 4219 similitudo.

245 4236 355 4308 Omitto
375 4239 588 4293 similitudines:
609 4242 708 4293 vellem
724 4242 821 4294 adesse
832 4251 930 4314 posset
945 4242 1114 4301 Patrnetius,·
1133 4245 1212 4292 vicit
1226 4259 1287 4291 cum
1305 4238 1459 4311 Africano]
1485 4237 1557 4293 Nihil

246 4318 356 4387 pravius
379 4331 407 4368 et
429 4318 548 4387 ineptius
572 4317 625 4369 hac
647 4316 779 4372 lectione.
823 4316 893 4372 Nam
923 4317 1079 4388 ubicunque
1107 4316 1228 4369 dicimus
1249 4315 1358 4367 Omitto
1386 4331 1433 4369 aut
1455 4314 1570 4373 Mittor

244 4404 341 4442 nostra
357 4390 544 4462 significamus
562 4408 612 4444 nos
629 4397 739 4445 mittere
757 4404 934 4465 arguments,
955 4409 1023 4464 quae
1041 4397 1064 4445 si
1080 4408 1149 4464 opus
1166 4390 1248 4444 tuerit
1265 4388 1387 4464 prolerre
1404 4407 1555 4463 possemusr

246 4479 276 4518 st
293 4465 341 4520 hic
358 4481 456 4520 eontra
477 4466 625 4519 adversarii
646 4483 838 4540 argumentum
856 4467 970 4521 sedicit
989 4474 1134 4521 omittere:
1156 4483 1221 4519 natu
1241 4485 1273 4519 ea
1288 4466 1469 4518 similitudine
1488 4470 1557 4538 inge-

246 4544 375 4608 niorum,
405 4559 458 4612 qua
478 4542 527 4595 lilii
547 4558 674 4614 parentes
697 4560 760 4596 suos
784 4542 884 4598 referre
907 4545 1013 4608 solent,
1043 4544 1189 4596 Panaetius
1211 4541 1325 4614 probare
1347 4541 1433 4594 voluit
1455 4547 1557 4592 amnas

246 4622 334 4670 nasci.
371 4617 445 4689 Ergo
464 4618 644 4672 subtilissime
663 4634 728 4672 sane
747 4615 953 4691 fortissimeque
969 4619 1110 4690 disputat,
1141 4622 1188 4689 qui
1206 4617 1332 4688 id,.quo
1350 4616 1384 4668 ab
1403 4614 1555 4670 adversariis
1649 4682 1650 4685 Ἴ

247 4708 376 4765 urgetur,
397 4709 452 4744 aon
474 4691 607 4760 relatore,
630 4692 677 4747 sed
700 4699 830 4748 omittere
852 4713 881 4748 se
902 4695 1054 4767 profitetur.
1093 4693 1187 4764 Quidi
1211 4691 1284 4764 quod
1306 4691 1334 4744 id
1355 4698 1444 4765 ipsunt
1467 4691 1556 4745 ialsum
1649 4688 1650 4691 '

210 4797 219 4803 ’
248 4783 307 4832 est,
333 4785 363 4820 se
384 4773 513 4820 omittere
533 4769 748 4833 similitudines:
780 4775 872 4843 pergit
895 4776 971 4823 enirn
1001 4786 1192 4842 argumentum
1214 4784 1229 4821 a
1248 4766 1557 4839 similitudiucductaut

246 4839 371 4916 pluribus
394 4844 526 4917 exemplis
548 4841 683 4899 refellere.
722 4843 798 4915 Quid
816 4844 921 4901 mults?
943 4846 1087 4920 legendum
1106 4862 1164 4899 esse
1186 4843 1340 4898 contendo:
1365 4842 1475 4895 Omitto
1492 4844 1574 4897 nisu
1649 4872 1650 4911 3
