3384 5359
668 301 763 416 utu.
787 352 834 415 v.
866 350 907 418 c.
932 353 985 416 u.
1425 352 1485 418 us

156 503 267 555 tamen
289 503 414 578 gamm
437 503 503 569 est,
528 493 613 574 quod
633 492 674 554 de
697 490 883 574 sapientium
905 503 1057 575 perpetua
1078 494 1159 557 bene
1182 491 1309 557 vivendi
1331 486 1480 557 facultate

157 587 292 670 dignum
314 587 460 667 quiddam
481 587 748 667 philosophorum
771 607 852 650 voce
880 587 1084 668 profitentur.
1135 588 1209 650 121.
1241 588 1304 649 Sed
1334 587 1481 671 quoniam

158 671 253 763 inane
276 690 325 741 est
347 682 499 755 eundum,
530 680 587 741 has
609 677 747 765 quinque
770 679 890 743 dierum
912 679 1139 761 disputationes
1163 681 1311 745 memorio
1334 702 1481 764 compre·
1552 686 1555 703 '

158 775 346 837 bendamus.
390 773 546 858 Equidem
569 794 618 836 me
642 772 736 836 etiarn
759 772 1022 854 conscripturum
1037 764 1195 852 arbitror,
1221 776 1289 855 (ubi
1311 775 1391 839 cuitu
1414 798 1480 839 rne-

159 868 222 930 lius
239 865 290 930 'uti
312 889 481 948 possumus
503 869 583 943 hoc,
609 867 818 931 cuicuimodi¹
841 880 906 943 est,
932 865 1035 946 otiot)
1059 871 1097 931 ad
1117 869 1314 954 Brutumque
1335 868 1479 935 nostrum

84 984 89 993 ·
158 963 222 1025 bos
244 961 344 1025 libros
367 962 485 1025 alteros
507 961 645 1046 quinque
669 963 844 1035 mittemus3
886 982 997 1053 aquo
1021 982 1084 1025 non
1108 964 1202 1026 tuodo
1226 962 1352 1042 impulsi
1374 985 1479 1026 sttruos

159 1057 202 1118 ad
223 1055 455 1137 philosophas²
477 1055 686 1138 scriptiones,
724 1055 950 1117 verumetiam
980 1055 1128 1118 lacessiti.
1183 1059 1219 1121 Iu
1243 1078 1306 1141 quo
1330 1069 1495 1145 quantum¹

160 1161 278 1225 ceteras
301 1148 464 1230 profuturi
484 1148 619 1225 simus³,
654 1169 717 1212 non
740 1148 834 1211 facile
857 1148 1067 1212 dixerimusiz
1102 1151 1218 1213 nostris
1242 1152 1364 1234 quidem
1388 1142 1489 1214 acer-⁵

160 1239 299 1303 bissinus
325 1240 490 1303 doloribus
518 1241 676 1325 variisque
705 1255 737 1325 ct
761 1240 899 1328 undique
924 1242 1122 1307 circumfusis
1140 1244 1292 1308 molestiis
1315 1244 1375 1309 alia
1395 1246 1479 1308 uuila

160 1337 267 1418 potuit
288 1335 425 1399 inveniri
447 1337 577 1400 levatio.

236 1586 273 1652 (¹)
292 1587 339 1639 Sic
357 1584 447 1639 vuit.
459 1583 541 1656 Seqq.
560 1613 599 1627 -
616 1586 768 1636 cuiusmodi
781 1584 853 1645 05¹.
868 1585 990 1638 AESEC.
1011 1613 1048 1627 -
1059 1590 1246 1658 cultuumque
1265 1586 1341 1637 modi
1354 1588 1426 1644 031.
1446 1588 1478 1640 P.

159 1658 199 1732 (ἲ)
219 1660 266 1714 Sic
286 1662 317 1714 ii.
346 1659 479 1734 (fallitur,
514 1676 542 1713 ut
571 1665 748 1733 saepissime,
778 1662 882 1725 Βοιὼ.)
915 1661 986 1716 Oia.
1008 1659 1072 1715 Alii.
1095 1661 1170 1716 DW.
1190 1661 1479 1733 2.'oopiriiosoplsias

111 1734 121 1741 ⁸
157 1736 278 1791 Nonius.
306 1752 343 1790 ω
367 1734 574 1811 philosophicos
604 1735 669 1787 ind.
700 1735 796 1807 pleriq.
816 1735 1040 1805 PousEcvMi..
1070 1735 1139 1788 Lali.
1161 1746 1186 1795 1.
1216 1738 1280 1799 (W.
1301 1741 1329 1789 in
1350 1736 1401 1790 Ed.
1422 1734 1478 1811 pr.)

159 1811 276 1864 Statim:
294 1842 330 1855 -
349 1811 549 1883 descriptiones
568 1815 639 1870 051.
660 1810 806 1865 PABSEC.
845 1809 882 1876 (³)
903 1809 950 1862 Sic
970 1810 1095 1864 beroaldi
1116 1811 1207 1883 alique
1227 1810 1313 1863 editio
1333 1809 1404 1884 apud
1422 1816 1479 1865 Ga·

157 1886 317 1943 raton.,ad
331 1887 427 1940 Milon
462 1905 488 1959 p.
510 1892 571 1947 132.
593 1887 698 1939 bonon.
721 1885 788 1961 (nou
810 1891 897 1958 prima
919 1885 1024 1940 bonon.
1048 1889 1141 1949 rins.)
1167 1887 1288 1940 luntiua.
1309 1887 1341 1941 i..
1375 1888 1478 1941 Rursus

157 1961 227 2017 Ero.
252 1960 274 2017 Ε
303 1973 325 2018 i.
353 1954 404 2017 W.
430 1966 457 2016 2.
482 1976 519 2014 ω
543 1979 635 2011 siamus
655 1960 722 2014 cdd.
743 1967 812 2014 noti.
833 1960 884 2015 Ed.
905 1964 981 2016 Rom·
1003 1964 1084 2019 si69.
1105 1960 1310 2017 PABsncvM.
1331 1961 1420 2015 Gebh.
1441 1964 1479 2021 D.

155 2036 228 2090 lel.
247 2037 345 2113 probb.
366 2039 462 2094 Garat.
480 2035 500 2089 l.
520 2035 539 2087 l.
559 2050 586 2089 et
606 2037 714 2110 Wopk.
735 2056 762 2111 p·
783 2041 845 2096 tii·
885 2034 922 2109 (⁸)
941 2051 979 2091 oo
997 2037 1118 2089 dixerim
1137 2036 1476 2099 051.E‹t.u0m.ii69.
1505 2055 1517 2070 ⁴
1555 2036 1560 2053 ⁶

225 2445 661 2525 OBSERVATIONES
685 2442 936 2546 ALIQUOT
964 2445 1017 2547 ΙΝ
1044 2445 1404 2525 TUSCULANAS.
1555 2524 1559 2537 .

705 2614 922 2631 m

232 2751 267 2803 P.
286 2755 349 2805 222.
368 2747 429 2801 Lin.
450 2749 494 2806 26.
515 2762 565 2818 pro
585 2744 706 2812 Signovi
724 2744 757 2798 B.
776 2743 974 2815 exemplarium
996 2743 1188 2816 plerorumque
1207 2744 1280 2813 lege:
1300 2745 1421 2809 signem
1440 2749 1474 2800 Δ.

157 2829 287 2883 ceterum
306 2823 437 2876 lectiones
458 2821 507 2877 cd.
528 2822 603 2891 liegii
624 2817 771 2871 manifesto
792 2824 920 2883 vitiosas,
948 2836 974 2872 ct
994 2819 1066 2872 baud
1086 2836 1186 2892 paucas
1205 2835 1345 2893 praeterea
1367 2821 1476 2874 Bottiae-

156 2908 194 2958 sil
214 2918 242 2955 et
262 2900 382 2955 Nissenii
402 2896 423 2954 Ε
442 2911 588 2971 promeae
608 2893 737 2946 editionis
757 2894 876 2947 consilio
896 2898 982 2946 sciens
995 2899 1095 2959 omisi.
1360 2932 1364 2949 η,

231 2977 383 3029 Tuscus.
420 2975 495 3026 Lib.
516 2979 540 3029 1.
569 2971 593 3038 ᾗ.
614 2975 640 3028 5.
672 2975 717 3039 qrsi
728 2966 795 3040 ficit
813 2975 904 3021 maior
924 2979 1009 3033 natis,
1037 2988 1119 3041 queam
1139 2969 1256 3021 Plautus
1276 2980 1303 3022 ei
1322 2960 1473 3043 Naevium]

158 3054 217 3107 ism
238 3049 270 3103 ad
290 3048 473 3100 Plancianum
504 3065 530 3118 p.
550 3051 595 3104 52.
624 3045 775 3119 significavi
796 3044 939 3098 Ciceronis
968 3050 1051 3098 istum
1080 3062 1200 3107 morem,
1234 3045 1300 3097 alios
1326 3049 1473 3116 scriptores

157 3132 242 3183 tacite
262 3123 435 3197 corrigendi,
462 3123 639 3193 reprehensus
667 3136 810 3193 propterca
829 3137 844 3172 a
865 3122 967 3184 Balio,
993 3122 1024 3174 V.
1046 3121 1085 3174 il.
1132 3121 1164 3172 In
1185 3119 1392 3174 eadeuttanteu
1412 3138 1475 3173 sco·

157 3207 244 3258 sentia
264 3216 423 3274 persevero,
455 3214 563 3268 totaque
584 3197 650 3249 haec
671 3201 740 3248 ratio
761 3199 903 3249 Ciceronis
924 3193 1080 3250 urbanitate
1100 3194 1182 3248 simui
1200 3212 1227 3248 et
1247 3191 1406 3248 reconditae
1425 3194 1475 3249 do·

156 3283 263 3333 oscines
283 3272 500 3327 manifestandae
520 3270 611 3329 studio
631 3269 738 3324 uidetur
757 3270 828 3323 baud
851 3274 972 3340 indigna.

232 3351 312 3405 Lib.
333 3354 408 3418 iffi.
430 3355 474 3405 2ο.
494 3352 619 3418 corporis
636 3351 816 3398 intentionem
835 3345 974 3417 quinariam
980 3364 991 3403 ,·
1010 3345 1087 3396 velut
1104 3343 1171 3416 cot]
1204 3346 1277 3398 Haec
1296 3343 1369 3397 relus
1389 3361 1474 3418 appo·

157 3432 259 3483 sitione
278 3424 396 3496 quadam
416 3420 640 3497 praecedentibus
662 3420 789 3475 adiuncta
809 3420 958 3474 eorundem
973 3425 1118 3473 continent
1132 3420 1357 3494 explicationem
1378 3437 1475 3491 quiam.

61 3498 64 3503 ’
155 3504 251 3557 obrem
271 3500 347 3553 nolui
367 3497 478 3553 divisim
498 3496 618 3550 scribere
637 3496 686 3548 val
702 3504 814 3548 uicum
837 3497 968 3557 liciskio,
1000 3495 1108 3551 Wotio
1128 3510 1155 3549 ct
1176 3495 1255 3558 Seue
1287 3511 1340 3566 qua
1360 3495 1473 3567 quidem

156 3598 190 3631 es
209 3581 315 3631 ratione
336 3591 404 3629 nora
425 3571 579 3627 similitudo
598 3570 632 3623 ab
651 3576 804 3624 intentione
824 3571 872 3624 iila
893 3570 1065 3641 aliquantum
1093 3568 1200 3624 diversa
1226 3569 1333 3625 ridetur
1362 3569 1473 3624 inferri:

157 3668 226 3726 quae
248 3667 338 3705 tamen
350 3649 431 3719 'nulla
450 3666 510 3702 esse
531 3663 629 3719 potest.
1039 3676 1041 3687 ι

232 3725 312 3780 Lib.
333 3734 360 3783 1.
378 3727 402 3793 i.
417 3731 461 3786 31.
480 3723 561 3789 Ergo
573 3722 689 3773 arbores
700 3730 775 3773 seret
794 3718 876 3795 (serii
890 3722 966 3788 Alii.)
986 3753 1003 3764 -
1023 3753 1041 3764 -
1060 3719 1272 3797 rempublicam
1291 3738 1348 3772 nort
1365 3719 1472 3790 soreii]
1548 3734 1552 3741 “

155 3800 275 3856 Iieiendi
303 3816 392 3872 potest
420 3802 487 3853 irasc
507 3814 661 3870 temporum
681 3803 843 3850 consecutio
864 3816 878 3849 e
897 3796 956 3850 Lib.
976 3803 1001 3850 2.
1033 3799 1056 3864 i.
1076 3800 1121 3857 59.
1144 3801 1252 3866 poterii⁴
1270 3826 1286 3837 -
1307 3826 1325 3839 -
1344 3813 1400 3846 non
1415 3813 1474 3866 po-

154 3878 244 3931 seriei
273 3877 334 3930 Etsi
360 3876 445 3929 altera
465 3892 572 3945 quoque
590 3878 661 3925 serit
680 3903 698 3915 -
717 3882 828 3925 -seret
849 3890 927 3925 suum
949 3871 1103 3941 exemplum
1124 3871 1220 3924 habet:
1251 3869 1310 3923 Lib.
1329 3878 1357 3925 2.
1383 3871 1407 3937 i.
1425 3872 1472 3929 di.

150 3959 269 4026 possunt
288 3983 306 3995 -
326 3982 344 3993 -
363 3969 420 4002 non
434 3958 570 4015 poterunt
589 3980 607 3991 -
626 3981 645 3993 ·
664 3980 683 3992 ·
701 3946 779 3999 valet
798 3978 817 3990 ·
832 3976 854 3989 ·-
874 3964 931 3998 non
947 3947 1073 3998 valebit?

231 4026 308 4080 Lib.
330 4036 354 4083 1.
380 4028 401 4093 §.
423 4029 469 4085 Si.
496 4044 545 4076 nec
556 4022 668 4095 freneco
680 4024 754 4093 fletu
772 4022 881 4094 Facit]
902 4020 951 4075 «ir.
973 4014 1122 4075 Burmanni
1145 4017 1258 4073 Antiol.
1278 4017 1343 4072 Lar.
1364 4018 1425 4072 Lib.
1446 4025 1473 4084 2,
1528 4016 1532 4021 '

154 4109 219 4161 217.
239 4100 383 4155 Gerulrard
404 4099 438 4152 ul
458 4100 556 4153 Calon.
577 4119 603 4172 p.
626 4103 685 4156 i'iO·
706 4099 800 4170 Heyue
820 4096 855 4149 cd
872 4098 940 4151 Aen.
960 4100 1000 4162 9,
1014 4098 1077 4156 ise.
1096 4113 1145 4146 nec
1166 4104 1193 4147 te
1213 4103 1264 4145 tuo
1274 4091 1388 4164 fisnern
1407 4111 1474 4145 nto-

153 4188 199 4230 tsr
217 4176 352 4230 Produxi.
401 4174 534 4246 scaligeri
562 4178 658 4247 opinio
675 4172 818 4244 funerans
837 4174 965 4224 Latinum
993 4189 1053 4226 esse
1080 4169 1245 4223 vocabulum
1273 4188 1322 4242 pro
1343 4167 1474 4242 praefica

153 4258 221 4307 satis
242 4248 376 4304 refutatur
395 4250 506 4304 Tuscul.
529 4259 559 4313 i,
578 4252 601 4317 i.
622 4252 668 4307 liii.
689 4250 734 4301 ubi
747 4246 861 4318 sienem
879 4245 1010 4300 similiter
1028 4260 1069 4299 est
1089 4262 1139 4314 pro
1158 4262 1235 4298 num.
1255 4245 1397 4316 singulari.

228 4326 311 4380 Lib.
332 4333 358 4382 i.
386 4329 409 4394 5.
430 4326 475 4386 59.
495 4330 619 4390 verti‘sss,
639 4334 667 4376 et
687 4324 814 4376 didicisse
833 4322 1030 4395 Pythagorea]
1064 4324 1171 4374 Patruus
1193 4319 1239 4372 ille
1257 4337 1410 4390 purpureus
1431 4335 1473 4374 tot

151 4399 331 4458 Editionibus
361 4417 484 4455 assutus:
514 4406 640 4464 venisse,
668 4407 699 4451 ei
718 4406 747 4449 in
767 4417 799 4448 ea
819 4417 901 4468 quiem
920 4398 992 4449 alios
1011 4396 1128 4455 medios,
1161 4402 1219 4446 turn
1241 4394 1398 4468 Archytam
1418 4395 1473 4449 Ti.

152 4495 312 4546 moerensque
336 4481 517 4544 cognovisse,
544 4485 572 4527 et
600 4474 728 4526 didicisse
749 4472 832 4546 pyris.
861 4470 970 4527 vitietur
989 4469 1148 4543 desumptus
1169 4488 1202 4521 ex
1220 4469 1300 4522 nnn.
1322 4474 1353 4535 5,
1382 4473 1406 4539 §.
1426 4474 1473 4528 87.

152 4552 197 4605 sel
215 4551 331 4620 doliep.
355 4562 388 4615 1.
411 4560 454 4608 io.
482 4547 509 4604 id
529 4565 587 4609 est.
607 4569 639 4603 er
659 4551 765 4612 Nouio,
785 4553 831 4619 qui
853 4552 1034 4618 posteriorem
1054 4547 1081 4599 ir.
1102 4545 1121 4598 l.
1140 4547 1284 4615 excerpsit.

229 4623 308 4680 bib.
329 4637 354 4683 i.
375 4628 398 4694 i.
413 4620 457 4682 52.
478 4631 517 4677 sic
534 4636 564 4677 nt
580 4626 714 4679 tributum
733 4624 783 4675 deo
802 4624 863 4694 sic]
884 4623 912 4674 Si
933 4628 993 4693 quis
1014 4623 1130 4695 posthac
1149 4622 1301 4677 exstiterit.
1321 4623 1367 4687 qui
1388 4615 1470 4689 gloss.

150 4701 181 4755 b.
201 4701 220 4756 l.
246 4702 417 4755 inculcatum
440 4700 492 4753 hoc
517 4711 576 4767 esi,
605 4721 635 4753 se
653 4707 742 4769 ipsum
758 4715 841 4769 posse
860 4716 1027 4767 cognoscere
1046 4693 1247 4773 deiquslendum
1267 4697 1415 4764 suscipiat.
1448 4697 1471 4746 is

151 4764 250 4831 silum
269 4774 359 4831 deleat
379 4794 444 4830 cunt
464 4779 494 4830 u.
514 4774 542 4828 b.
562 4785 618 4841 est,
647 4774 746 4830 deiude
766 4778 851 4825 etiam
873 4793 898 4827 s.
913 4792 1005 4842 posse.
1052 4773 1241 4826 Minusculos
1262 4769 1422 4827 offendimus
1443 4775 1472 4822 iu

151 4851 244 4906 bisce:
276 4861 308 4903 ui
327 4853 461 4906 triburium
480 4852 543 4904 Deo
561 4850 684 4915 sithoc,
717 4870 746 4903 se
765 4854 854 4923 ipsimi
874 4865 1049 4914 cognoscere.
1098 4847 1148 4901 tet
1173 4850 1215 4901 sic
1236 4860 1329 4909 tamen
1348 4842 1472 4899 obstabit

149 4932 324 5003 aliquantum
344 4947 369 4984 v.
389 4944 572 4996 cognoscere,
593 4943 676 4997 quum
696 4927 741 4980 hic
761 4942 869 5000 sempor
890 4922 962 4977 dicat
982 4940 1103 4977 noscere.
