3384 5359
223 323 286 388 sss
539 408 542 419 Ι
618 284 672 298 ”
746 319 1039 389 Puuuuoxn.
1088 394 1093 399 ,

121 448 124 457 “
225 464 344 537 visscs3
367 462 466 526 multo
487 458 603 526 etiam¹
626 460 740 547 magis,
759 460 786 524 si
802 461 888 525 illam
912 472 1058 536 mentem,
1086 460 1169 522 unde
1185 458 1265 522 haec
1286 455 1419 521 consilia
1438 476 1569 551 rname-

225 570 317 638 ruut,
342 554 436 617 mihi²
454 554 640 637 eripuisses:
663 567 729 618 tum
743 566 812 640 'ego
831 556 991 637 accepisse
1008 566 1058 616 me
1078 552 1250 619 confiterer
1268 550 1449 614 iniuriam.
1485 553 1571 614 Sed

226 652 251 716 si
280 652 358 713 baec
382 668 440 712 nec
466 647 590 724 fecisti,
613 668 673 711 nec
694 648 803 712 facere
829 649 984 732 potuisti:
1006 646 1141 710 reditum
1165 644 1241 707 mibi
1263 643 1443 729 gloriosum
1465 640 1570 707 inin·

225 745 271 808 ria
297 756 349 806 tua
377 743 505 818 deditl,
543 762 609 805 non
634 742 752 804 exitum
777 743 1007 805 calamitosum.
1059 741 1152 820 Ergo
1176 742 1250 819 ego‘
1268 757 1393 817 semper
1419 736 1568 810 eivis⁵3

226 850 259 903 et
281 849 345 900 tum
370 836 521 912 maxime,
559 856 656 920 quum
682 856 778 899 meam
805 838 934 900 salutem
961 844 1086 929 senatus
1108 831 1225 895 exteris
1251 830 1453 904 nationibus,
1493 830 1570 892 111⁶

226 930 306 994 civis
328 928 458 1012 optimi,
482 930 738 1003 commendabam
760 940 813 1006 tn,
837 951 877 993 ne
894 951 985 997 nssnc
1002 927 1168 1012 quiderm:
1192 924 1253 988 nisi
1271 925 1357 988 sorte
1378 924 1461 986 idem
1486 927 1568 988 bo·

226 1024 283 1086 stis
307 1043 377 1086 esse
406 1034 438 1085 et
465 1020 543 1084 ciris
568 1022 712 1104 potestl.
765 1027 816 1088 An
849 1036 886 1088 tn
910 1022 1010 1086 civem
1037 1024 1075 1084 ab
1101 1022 1194 1086 hoste
1219 1020 1352 1082 uatura⁹
1384 1040 1422 1085 ac
1456 1019 1565 1095 loco,
1665 1088 1666 1097 χ

226 1138 289 1181 uon
315 1116 419 1179 animo
441 1113 595 1199 lactisque
617 1116 807 1200 distinguis?
850 1119 899 1181 ll.
933 1120 987 1181 30.
1022 1114 1157 1180 Caedem
1181 1114 1308 1179 inloto
1333 1111 1460 1176 fecisti:
1493 1135 1566 1175 ar·
1665 1198 1666 1201 Ἴ

226 1209 317 1272 malis
342 1209 520 1271 latronibus
543 1209 658 1290 templa
674 1210 819 1275 tenuisti:
843 1210 1042 1291 privatorum
1063 1212 1193 1285 domos,
1218 1208 1345 1270 aedes¹⁰
1368 1226 1476 1268 sacres
1497 1206 1566 1267 in-

226 1301 369 1366 cendisti.
415 1300 483 1367 Cur
500 1299 602 1364 hostis
622 1301 811 1383 Spartacus,
835 1304 862 1366 si
881 1314 917 1365 tu
936 1301 1041 1365 civis?
1062 1304 1163 1368 Potes
1187 1313 1290 1365 autem
1309 1312 1342 1364 tu
1362 1320 1431 1363 esse
1451 1299 1561 1374 civis,
1664 1316 1666 1341 ⁴

225 1408 362 1479 propter
383 1416 475 1479 mem
499 1394 668 1480 aliquando
690 1395 802 1459 civitas
821 1394 986 1471 nonfuit?
1015 1407 1046 1459 et
1066 1417 1114 1459 me
1134 1407 1189 1459 tuo
1212 1393 1336 1457 nomine
1350 1392 1560 1474 appellasfl,

222 1512 322 1576 ⁴quum
341 1502 450 1554 omnes
468 1502 541 1555 meo
559 1488 698 1553 discessu
714 1490 876 1553 exsulasse
896 1489 1138 1572 rempublicam
1157 1485 1290 1572 putent?
1319 1487 1558 1569 Numquamne,

199 1584 323 1649 ‘bomo
349 1580 578 1658 eruentissime,
615 1593 646 1645 te
678 1580 938 1663 circumspicies?
973 1604 1152 1667 nunquam,
1191 1602 1248 1643 ncc
1283 1581 1397 1664 quid¹²
1432 1579 1557 1656 iacies,

225 1675 459 1756 considerabis,
483 1694 543 1738 nec
565 1674 641 1760 quid
660 1674 818 1759 loquare?
851 1674 984 1751 Nescis,
1019 1675 1161 1739 exsilium
1188 1674 1340 1737 scelernm
1368 1693 1438 1736 csse
1465 1693 1557 1755 poe·

224 1768 320 1833 nam?
342 1760 443 1835 meum
463 1769 541 1832 illud
561 1769 622 1832 iter
644 1771 687 1834 ob
705 1768 972 1852 praeclarissimas
992 1792 1043 1833 res
1067 1790 1084 1832 a
1107 1790 1156 1832 rne
1175 1781 1284 1850 gestas
1301 1770 1324 1809 ¹³
1347 1789 1417 1831 esse
1433 1789 1557 1830 susee-

224 1861 337 1945 ptnm?
389 1861 444 1927 ll.
463 1862 599 1925 *Omnes
628 1862 774 1926 scelerati
799 1873 895 1945 atque
916 1861 1021 1946 impii,
1055 1884 1191 1948 qsrorum
1217 1873 1253 1947 tu
1276 1872 1308 1925 te
1337 1863 1449 1925 ducem
1473 1883 1554 1925 esse

224 1955 389 2039 profiteris
401 1957 446 2031 ¹³,
483 1974 565 2040 quos
590 1955 680 2040 leges
703 1956 816 2019 exsilio
846 1956 929 2019 affici
953 1958 1085 2033 volunt,
1119 1953 1244 2020 exsudes
1272 1966 1362 2030 suunt,
1397 1953 1493 2017 mam
1518 1953 1553 2017 si

123 2086 126 2099 ·
224 2050 327 2114 solum
355 2070 420 2114 uon
442 2047 593 2112 mutarint
602 2050 638 2113 ¹⁵.
683 2049 746 2119 An,
762 2073 859 2136 qurum
885 2068 995 2115 omnes
1017 2050 1034 2085 l
1053 2050 1143 2135 leges
1168 2060 1200 2113 te
1230 2050 1371 2123 exsulem
1401 2070 1470 2115 esse
1496 2048 1551 2111 iu·

224 2144 337 2218 beant,
362 2163 436 2207 non
466 2140 529 2205 eris
558 2154 592 2206 tn
615 2142 731 2206 exsul?
763 2145 868 2206 Exsul
895 2164 960 2209 nott
987 2144 1167 2225 appelletur
1190 2141 1234 2220 is,
1269 2140 1325 2226 qui
1335 2143 1363 2184 ¹⁶
1384 2166 1455 2206 cum
1476 2144 1548 2207 telo

224 2234 347 2300 luerit?
367 2237 454 2301 Ante
473 2248 616 2301 senatum
637 2248 691 2301 tua
713 2236 778 2300 sica
800 2239 996 2320 deprehensa
1010 2248 1070 2305 est.
1105 2235 1168 2317 Qui
1188 2235 1346 2301 bominem
1364 2234 1542 2301 occiderit?

226 2327 314 2393 'l'u¹⁷
338 2329 493 2412 plurimos
519 2328 676 2393 occidisti.
731 2330 796 2410 Qui
819 2330 997 2394 incendium
1020 2318 1157 2395 fecerit?
1188 2330 1295 2394 Aedes
1318 2332 1543 2413 Nympharum

225 2443 321 2486 mann
342 2433 396 2489 tua
421 2422 659 2508 deflagravit¹⁸.
712 2424 776 2504 Qui
803 2424 958 2507 ternpla¹?
983 2424 1211 2509 occupaverit?
1228 2424 1282 2487 .ln
1303 2423 1379 2488 soro
1398 2423 1540 2487 castra*

218 2514 373 2598 posuisti.
417 2512 472 2581 32.
494 2517 559 2581 Sed
578 2515 654 2602 quid
677 2537 741 2602 ego
764 2538 947 2582 communes
968 2519 1054 2604 leges
1073 2517 1226 2601 profero,
1256 2515 1371 2604 quibus
1395 2517 1544 2581 omnibus

298 2776 336 2843 (¹)
361 2790 399 2829 ea
417 2780 579 2832 amellam
598 2776 631 2830 Β.
668 2777 707 2844 (ἵ)
723 2793 762 2832 eo
783 2796 840 2835 om.
859 2778 926 2832 nullu
944 2782 976 2834 Β.
994 2779 1057 2833 Bm.
1070 2778 1134 2833 -Gu.
1162 2807 1200 2822 -
1237 2777 1370 2851 Suspecta
1388 2779 1458 2832 bsec
1475 2776 1546 2830 nihi

221 2855 291 2925 erlp.
311 2850 449 2905 Bentlelo.
493 2847 531 2963 (³)
556 2870 595 2905 τ.-
612 2855 662 2905 ini.
681 2851 780 2927 confit.
798 2855 830 2907 Β.
850 2855 913 2910 Bas.
934 2856 966 2908 L.
1003 2855 1042 2922 (l)
1060 2876 1097 2912 =
1116 2862 1167 2905 tua
1185 2852 1262 2905 dedit
1279 2859 1329 2906 tul.
1348 2855 1381 2906 Β.
1400 2855 1466 2908 Bes.
1485 2854 1544 2909 Gn.

241 2927 316 2981 ·Cr.
335 2926 377 2981 M
397 2929 456 2981 uta.
499 2931 538 2994 ()
563 2954 602 2971 -
626 2932 698 2979 alvis
721 2946 800 2980 eram
818 2933 932 2985 Assem.
954 2932 1011 2985 Ma.
1033 2934 1074 2987 M.
1119 2927 1157 2995 (ὅ)
1175 2943 1213 2982 ce
1232 2945 1288 2982 om.
1307 2937 1338 2980 ut
1355 2928 1419 2984 Bas.
1438 2928 1494 2983 Gn.
1515 2948 1543 3001 p.

220 2946 255 3057 ε’.
274 3003 360 3074 Lsnp.
396 2999 435 3076 (⁷)
454 3029 493 3042 —
510 3019 544 3052 ue
564 3018 636 3053 marre
654 3020 680 3072 q.
699 3021 730 3055 ee
747 3008 819 3056 curis
836 3003 909 3062 02⁸.
928 3022 956 3078 p.
976 3005 1023 3059 Cr.
1044 3004 1085 3058 Μ.
1106 3004 1165 3057 Ms.
1205 3004 1243 3071 (⁸)
1263 3005 1310 3058 Sic
1329 3021 1355 3075 p.
1367 3019 1392 3054 u.
1411 3004 1443 3057 V.
1458 3005 1488 3058 Ρ.
1500 3022 1544 3058 =

220 3076 294 3129 idem
317 3076 407 3129 tastu
431 3082 460 3127 et
478 3080 550 3129 cluis
567 3093 626 3128 esse
641 3085 740 3149 polest
755 3079 818 3132 Bas.
837 3078 893 3134 Gu.
913 3080 970 3133 Mt.
990 3080 1023 3134 L.
1041 3100 1080 3135 ·.:
1097 3079 1172 3131 tam
1190 3095 1250 3130 esee
1268 3083 1338 3130 alvis
1356 3086 1385 3129 et
1403 3076 1494 3130 lassu
1508 3098 1542 3149 p.

219 3152 254 3206 B.
271 3171 317 3225 ς
335 3149 408 3203 uem
426 3167 484 3203 esse
502 3140 593 3203 uoltis
610 3159 640 3202 et
658 3157 729 3205 mals
744 3172 775 3225 p.
802 3151 855 3206 ltd.
876 3159 958 3214 158'1.
984 3159 1093 3223 (neseio
1118 3169 1172 3225 qua
1197 3157 1316 3219 auctor.)
1340 3159 1367 3214 5.
1387 3151 1469 3227 Seqq.
1488 3154 1543 3220 (-

220 3226 294 3281 usu
311 3225 401 3279 leals
419 3243 478 3279 esse
496 3234 526 3280 et
542 3230 614 3278 aluis
631 3245 691 3280 esse
706 3233 817 3301 puteris
834 3229 881 3284 Cr.
900 3229 960 3282 Mu.
984 3259 1022 3274 -
1045 3237 1128 3300 pates
1147 3242 1247 3302 margo
1262 3228 1323 3295 Cr.)
1360 3226 1399 3296 (9)
1424 3253 1461 3271 -
1481 3246 1542 3280 aa·

220 3305 297 3354 tinae
315 3300 407 3356 Rentl.
426 3304 501 3374 susp.
539 3298 591 3376 (¹⁰)
609 3320 648 3344 -ι
665 3304 798 3375 aedesque
817 3319 842 3357 s.
853 3305 909 3359 ·Cr.
927 3304 970 3358 M.
990 3306 1049 3360 Ma.
1062 3305 1094 3356 l..
1109 3306 1139 3360 P.
1159 3309 1203 3370 (nt
1223 3320 1283 3365 nos,
1303 3322 1331 3376 p.
1349 3306 1383 3355 V.
1392 3307 1422 3363 lt.
1443 3304 1541 3374 Seqq.)

220 3374 272 3450 (¹¹)
291 3403 327 3418 -
346 3383 376 3426 et
394 3394 436 3428 ure
455 3376 580 3429 eusdem
597 3386 646 3430 tuo
665 3396 696 3432 us
712 3397 740 3434 a.
759 3382 822 3435 Bas.
841 3397 870 3452 p.
889 3394 915 3432 s.
934 3381 980 3436 Cr.
997 3378 1039 3435 M.
1059 3378 1118 3433 Ma.
1134 3383 1169 3433 ·l..
1188 3380 1218 3433 P.
1240 3376 1308 3431 Lull.
1325 3407 1365 3422 -·-
1382 3387 1411 3430 et
1429 3396 1472 3430 uu
1490 3387 1542 3430 trra

220 3469 250 3505 a.
268 3450 392 3503 exsulem
410 3469 438 3504 a.
457 3451 493 3505 Η.
513 3469 528 3506 e
548 3451 631 3525 gloss.
657 3482 696 3495 —
720 3463 748 3506 et
776 3471 818 3507 me
846 3455 956 3507 exulem
983 3458 1143 3507 summme
1161 3471 1188 3506 a.
1209 3452 1299 3509 Bentl.
1319 3469 1395 3525 susp.
1431 3453 1482 3521 (θ)
1500 3482 1543 3496 -

219 3543 395 3596 nunquamne
414 3525 480 3597 pald
493 3523 523 3597 f.
542 3527 607 3581 Bas.
626 3527 673 3582 Cr.
693 3528 735 3583 Μ.
754 3527 812 3582 Ma.
833 3529 865 3585 L.
887 3532 917 3586 P.
939 3530 973 3582 il.
993 3530 1038 3597 (nt
1057 3545 1118 3594 nos,
1139 3546 1166 3601 p.
1184 3529 1232 3596 ll.)
1252 3532 1302 3594 (—
1319 3546 1472 3599 numquam,
1489 3547 1543 3581 uec

218 3600 286 3673 quid
302 3600 418 3671 loquare
437 3599 503 3656 ech.
522 3608 623 3658 2·.err.
643 3618 750 3677 typogr.
782 3605 837 3658 Pro
855 3622 906 3657 rree
924 3604 1007 3675 preld:
1027 3632 1065 3646 -
1083 3623 1117 3655 ae
1137 3601 1203 3674 quid
1221 3605 1283 3656 Bes.
1304 3604 1333 3656 P.
1353 3632 1392 3644 —
1408 3602 1457 3654 vel
1473 3602 1542 3675 preld

219 3678 266 3742 Β.)
304 3673 356 3750 (¹³)
368 3694 433 3726 ·-a
452 3693 495 3726 me
514 3684 580 3728 aute
598 3686 697 3744 gestas
716 3698 743 3751 p.
762 3678 810 3732 Cr.
820 3680 853 3732 V.
863 3680 906 3734 Μ.
926 3679 984 3735 Ma.
1022 3676 1073 3753 (¹³)
1085 3678 1224 3729 ·-duaem
1242 3675 1389 3749 confiteris
1405 3679 1468 3733 Bas.
1482 3678 1540 3732 Gn.

218 3750 269 3820 (¹⁵)
291 3756 331 3804 sic
351 3767 415 3803 cum
434 3750 516 3815 051..
535 3758 581 3822 qni
600 3773 638 3810 =
657 3759 831 3806 mutaverint
849 3756 886 3811 G.
904 3769 942 3807 ea
959 3763 1107 3806 mersurum
1125 3756 1157 3808 B.
1177 3772 1205 3827 p.
1215 3754 1249 3806 V.
1270 3755 1311 3807 Μ.
1334 3756 1390 3807 Ma.
1412 3754 1442 3806 l..
1461 3756 1491 3807 P.
1510 3759 1539 3813 5.

218 3835 246 3885 1.
266 3830 293 3881 2.
312 3826 396 3898 Borg.
416 3825 451 3878 N.
490 3823 553 3953 (ἰδὲ
561 3827 607 3880 Sic
627 3824 691 3881 dedi
710 3824 731 3883 Ε
751 3830 830 3895 med,
853 3836 882 3883 in
901 3844 983 3900 qnam
1004 3829 1091 3882 incidi
1112 3843 1176 3882 ante
1195 3835 1320 3900 inspecta
1333 3827 1437 3882 Gerulr.
1452 3828 1539 3894 Add,

217 3906 248 3961 ln
268 3900 367 3972 quibus
387 3900 485 3969 simills
506 3915 520 3952 s
543 3916 618 3956 ertnr
636 3903 728 3956 Bentl.
748 3921 836 3977 susp.:
864 3922 921 3957 aaa
939 3905 1091 3976 appelletur
1110 3903 1204 3972 ezriel,
1225 3909 1279 3974 qul.
1297 3932 1336 3946 -
1353 3904 1453 3954 exsul?
1471 3905 1541 3956 Nou

218 3977 378 4048 appellatur
397 3979 540 4041 lrrinrlcru,
569 3981 616 4047 qul
635 3997 662 4050 p.
682 3977 724 4032 Μ.
745 3978 815 4041 Ma..
825 3982 857 4034 P.
877 3979 911 4032 H.
931 4007 970 4022 -
988 3979 1089 4033 exsul?
1116 3980 1194 4032 Num
1217 3978 1375 4051 appellatur
1400 3983 1538 4044 ialrnleus,

217 4057 264 4123 pus·
283 4050 352 4105 edd.
372 4050 437 4122 aliq.
458 4051 509 4117 Cr.
526 4051 607 4105 Grut.
628 4053 689 4125 (qul
709 4068 800 4109 tamen
819 4054 942 4109 volebat:
970 4052 1140 4128 appelletur)
1159 4058 1186 4114 3.
1207 4065 1232 4112 1.
1255 4057 1335 4127 florg.
1354 4082 1389 4097 -
1408 4071 1464 4105 aaa
1482 4073 1540 4125 ap-

213 4125 335 4199 pelletur
354 4130 496 4191 inimieus,
514 4131 560 4197 pul
577 4127 610 4182 L.
628 4126 794 4201 (appelletur
813 4129 916 4184 babeam
935 4144 1000 4183 cum
1020 4130 1081 4183 allis
1102 4132 1134 4183 B.
1149 4132 1208 4182 llas.
1222 4131 1289 4194 Gn.)
1307 4154 1347 4170 -
1364 4146 1422 4179 aaa
1439 4129 1538 4201 appel-

148 4250 151 4256 .
217 4201 296 4255 usur.
314 4205 433 4252 sicarius
452 4200 519 4254 sch.
532 4206 558 4257 2.
578 4197 608 4256 C.
627 4232 667 4245 -·
682 4205 807 4256 sustuleru
823 4223 883 4257 esse
901 4203 1015 4256 iuledat
1034 4223 1091 4256 nou
1109 4204 1229 4276 appellet
1246 4208 1372 4255 iuimicus
1390 4208 1437 4274 qui
1454 4209 1536 4257 vltlo-

123 4286 128 4291 '
217 4280 328 4331 tissime
341 4276 500 4340 Victorius,
518 4292 581 4329 eum
600 4276 679 4343 ltus..
698 4283 753 4332 nist
773 4280 846 4351 quod
867 4281 913 4334 bic
932 4279 1029 4333 saltem
1051 4279 1134 4332 babet
1152 4280 1317 4351 appelletur.
1333 4307 1370 4321 -
1396 4279 1464 4331 Nau
1482 4297 1537 4330 ee-

214 4350 337 4424 pelletur
355 4356 395 4415 le,
417 4357 463 4422 qul
482 4351 618 4419 beselel,
643 4359 738 4417 nescio
754 4355 843 4422 unde,
870 4354 985 4409 fortasse
1005 4353 1026 4410 C
1046 4372 1102 4408 sus.
1121 4356 1225 4409 Gerub.
1243 4355 1277 4408 N.
1295 4354 1376 4408 Certe
1392 4353 1462 4407 baec
1482 4372 1537 4407 neu

217 4440 259 4479 est
284 4426 402 4481 Victorii
428 4428 528 4487 leetlo;
564 4444 616 4480 nec
638 4446 702 4482 vero
721 4428 815 4482 locum
839 4432 888 4484 hle
911 4429 993 4484 babet
1019 4443 1080 4483 voc.
1105 4434 1248 4494 inlustras,
1282 4426 1357 4501 quod
1380 4429 1535 4503 luserpolst.

217 4499 342 4555 debetur.
382 4502 449 4555 voe.
470 4516 563 4554 autem
583 4505 753 4574 expelletur,
778 4523 832 4558 oon
858 4504 995 4559 adiunctis
1018 4524 1042 4557 v.
1071 4521 1094 4559 c.
1116 4524 1141 4557 v.
1166 4510 1336 4573 asinitate,
1364 4508 1455 4558 minus
1477 4496 1539 4578 pro-

216 4580 309 4649 prium
333 4571 457 4638 videtur,
483 4594 570 4649 neque
594 4584 790 4651 agnoscimus
817 4581 887 4634 Mes.
926 4581 976 4647 (¹⁷)
1003 4595 1041 4633 ce
1063 4597 1120 4633 om.
1142 4590 1174 4632 tu
1195 4580 1268 4637 oux.
1293 4583 1323 4634 B.
1347 4581 1408 4632 un.
1431 4578 1484 4634 Gn.
1508 4597 1536 4652 p.

217 4650 310 4723 (prob.
334 4652 383 4717 G.)
422 4650 473 4717 (¹⁸)
496 4680 532 4693 -
554 4670 653 4704 manus
670 4663 719 4706 trra
740 4654 917 4726 deflagravit
941 4673 968 4728 p.
992 4684 1028 4697 -
1053 4674 1139 4707 mauu
1163 4665 1213 4708 tua
1235 4655 1434 4724 dsstagraruat
1455 4652 1537 4729 (cdd.

215 4723 298 4799 aliq.)
323 4728 368 4781 Cr.
394 4726 435 4780 Μ.
454 4727 514 4783 Ma.
541 4757 580 4770 -
611 4747 696 4780 manu
724 4738 773 4782 tua
801 4731 970 4801 deflagrastr'
993 4731 1053 4783 rM.
1077 4722 1151 4805 Ι(19)
1178 4731 1225 4783 sic
1248 4735 1302 4782 iam
1327 4750 1355 4803 p.
1380 4741 1446 4782 cum
1468 4727 1535 4782 cdd.

214 4806 297 4854 mels.
317 4830 355 4844 -
380 4801 484 4872 templa
508 4802 621 4854 deerrare
642 4806 688 4858 Cr.
709 4805 741 4861 V.
767 4804 807 4859 Μ.
829 4807 888 4862 Ma.
927 4806 980 4877 (ω)
1005 4806 1052 4860 Sic
1069 4807 1104 4859 Β.
1125 4811 1179 4860 tiu.
1196 4824 1225 4880 p.
1245 4809 1277 4857 V.
1295 4805 1326 4858 L.
1348 4805 1381 4860 Ρ.
1400 4803 1482 4877 deqq·
1499 4830 1536 4846 ·-

213 4881 307 4928 etiam
324 4884 422 4929 castra
442 4877 505 4931 Bas.
527 4877 574 4931 Cr.
597 4880 638 4933 Μ.
661 4880 718 4933 Ma.
743 4880 864 4937 lacerat.
