3384 5359
530 286 1102 392 sttntnvv.tntttsctt1„
1368 315 1370 322 >
1419 288 1483 360 tut

226 427 413 556 nogitxiones
431 426 509 497 sust]
530 443 603 480 sset
622 419 815 500 eegttmtenes
837 426 916 485 Met.
940 430 1016 484 lunt.
1038 428 1134 494 Sons.;
1160 432 1271 486 hreno
1294 424 1392 488 eritne
1418 426 1482 484 ild.

145 505 202 560 Ste
222 504 292 560 inc
752 521 756 533 ·

203 521 367 632 Porstosise
378 572 482 649 landis]
508 576 588 630 tastis·
609 575 686 633 Met.
705 578 780 636 lunt.
797 579 876 634 Sent.
892 576 954 634 tlt.
971 578 1067 652 Steph.
1081 577 1142 634 Col.
1163 580 1247 633 Recte
1259 596 1340 640 τινος
1360 594 1424 632 ntm
1440 593 1497 636 est‘

147 652 247 721 idem,
267 669 364 724 atque:
384 655 408 705 ei
422 651 526 722 tliqttid
546 660 701 709 ornamenti
720 670 772 707 snt
785 653 939 708 adiumenti
958 654 993 708 td
1012 652 1121 709 liudem
1140 658 1291 708 oratoriam
1311 655 1465 713 attulimus.

144 775 148 782 .
190 731 272 784 Cas.
292 731 318 787 lt.
339 732 472 781 scientiae
486 729 581 802 copis]
606 731 682 784 Fott.
702 748 811 782 stemma
828 731 888 801 [eut
901 730 1070 801 incredibili]
1088 735 1221 782 scientiae
1233 734 1325 801 topia.

229 803 336 877 plnres]
362 804 519 874 complures
536 804 613 858 Med.
627 807 700 858 lunt.
716 806 795 860 Seue.
810 804 873 860 sid.
889 805 986 878 Steph.
1002 807 1064 861 Col.

230 878 319 949 sdid]
347 876 423 932 Med.
439 878 602 933 lunesto.
622 879 684 934 ild.
704 881 790 934 aeid.
810 880 982 951 Steph.col.
1003 889 1031 932 et
1052 882 1090 934 ti.
1117 881 1181 935 Non
1200 878 1272 932 maie
1291 896 1326 930 oe
1343 879 1391 942 id,·
1417 896 1485 936 nant

148 953 301 1026 dtsptttare
313 942 420 1024 animi
429 958 536 1026 pariter
548 954 652 1009 dicitur
665 971 746 1027 atque
766 956 801 1007 cie
814 956 909 1026 aliqua
922 974 953 1007 re
966 955 1121 1027 disputare.

229 1029 430 1102 disputationes
452 1030 577 1104 nostrae]
601 1039 718 1083 nostrae
741 1030 819 1086 deest
840 1029 884 1086 sd.
908 1028 986 1086 Med.
1001 1030 1064 1088 Ali.
1089 1032 1185 1108 steph.
1203 1030 1280 1098 cot,
1306 1028 1355 1082 sed
1376 1030 1483 1087 habent

150 1104 225 1160 Sene
248 1123 275 1159 et
289 1107 366 1159 lnnt.

193 1182 216 1234 C
225 1198 272 1234 te.
290 1183 317 1238 5.
337 1196 364 1234 et
377 1183 398 1232 ii
410 1207 425 1222 ·
435 1194 490 1233 -et
503 1184 537 1248 ii]
564 1179 657 1232 iti-iti
675 1177 753 1235 Med.
770 1182 843 1234 lunt.
861 1179 923 1235 Ali.
936 1179 985 1236 sed
999 1179 1080 1237 Sene.
1095 1182 1192 1256 Steph.
1208 1180 1268 1236 Col.
1280 1185 1303 1232 ii
1309 1186 1367 1236 -si,

229 1257 264 1309 Et
278 1255 407 1326 quidem,
426 1257 450 1307 si
471 1255 536 1327 tibi]
562 1265 592 1308 et
609 1262 635 1308 si
653 1256 705 1308 tiit
723 1255 833 1327 quidem
852 1255 929 1310 Med.
948 1255 1029 1312 Sour.
1051 1257 1114 1312 tide
1133 1256 1282 1328 etquidem
1300 1260 1327 1307 si
1340 1256 1393 1308 tibi
1407 1256 1483 1313 lunt.

148 1332 250 1406 steph.
265 1331 326 1384 Coi.
347 1328 388 1384 ed.
408 1329 485 1384 Med.
502 1332 575 1386 lnnt.
596 1331 675 1386 Sene.
694 1332 763 1385 Mox
781 1333 881 1384 soinne.
901 1330 960 1388 Aid.
974 1333 1069 1406 Steph.
1082 1333 1141 1387 Coi.
1154 1334 1239 1386 solos.
1259 1335 1303 1399 int
1316 1331 1397 1401 Etn.)

229 1405 411 1477 transvectio]
439 1411 568 1459 traiectio
587 1406 630 1461 ed.
644 1406 722 1464 Met,
734 1410 808 1461 lunt.
819 1408 897 1462 scus.
910 1414 1085 1460 transvectio
1106 1407 1166 1463 sid.
1180 1407 1275 1481 Steph.
1290 1406 1351 1462 col.

228 1499 297 1536 unm
309 1480 396 1553 iliud]
419 1483 459 1534 sic
473 1480 517 1536 ed.
532 1486 605 1538 lunt.
622 1486 701 1537 Sonr.
719 1483 813 1555 Steph.
828 1482 890 1536 Col.
904 1481 953 1536 sed
965 1481 1042 1537 Med.
1055 1499 1082 1537 et
1100 1482 1161 1538 sii.
1175 1491 1244 1536 tum.

193 1558 272 1610 Ctr.
292 1559 320 1613 6.
347 1558 391 1610 An
405 1571 435 1608 tu
450 1557 518 1611 haee
535 1576 592 1612 non
612 1556 733 1628 crediti]
759 1577 797 1610 on
818 1556 930 1611 taliaes
943 1576 1002 1610 esse
1014 1577 1071 1612 non
1083 1558 1194 1612 credis?
1220 1555 1297 1615 Med.
1316 1561 1391 1613 Innt.
1405 1557 1484 1613 Sonr.

151 1636 269 1690 Ceterae
282 1632 383 1705 sbsqne
397 1648 467 1685 esse.

230 1713 305 1779 atqui
320 1706 357 1779 pi.
371 1723 395 1761 s.
411 1705 431 1759 l.
444 1721 470 1763 e.
487 1711 510 1764 i.
520 1712 538 1762 i.
552 1707 620 1781 phil.
634 1706 713 1781 diss]
740 1714 819 1779 atoni
827 1709 908 1780 pieni
920 1716 986 1761 sunt
996 1709 1061 1761 iibri
1069 1705 1297 1780 philosophorton
1309 1714 1410 1759 eontra
1422 1713 1481 1759 isto

150 1787 217 1855 ipsa
234 1782 431 1834 disserentium
450 1781 526 1836 Med.
547 1779 625 1838 Sene.
644 1784 704 1838 tid.
724 1785 820 1857 Stepb.
839 1784 910 1852 Coi,
930 1783 978 1838 sed
990 1783 1033 1839 etl.
1051 1786 1125 1839 lunt.
1146 1789 1225 1856 atqui
1239 1784 1317 1856 pleni
1329 1782 1396 1836 iibri
1415 1790 1482 1837 sant

149 1867 256 1916 contra
267 1863 325 1910 ista
341 1863 404 1929 ipso
417 1857 613 1910 disserentium
621 1858 858 1932 pinsiosoplsorm

229 1951 264 1985 no
284 1948 348 1987 sunt
367 1952 394 2004 q.
414 1932 485 2003 opud
505 1930 555 1986 tuf.
578 1934 638 2004 nili]
665 1944 785 1998 nessnnt
804 1935 855 1986 uiti
876 1934 952 2007 aperti
970 1932 1082 2005 inferos
1098 1932 1212 2007 quidem
1235 1930 1278 1988 ed.
1303 1930 1381 1989 Med.
1403 1934 1484 1988 Senr.
1588 1963 1590 1976 .

151 2005 218 2064 Ati.
234 2027 270 2059 ne
281 2016 346 2060 sunt
365 2008 474 2079 quidem
486 2008 563 2081 opud
575 2009 688 2080 inferos
704 2011 755 2062 ulti·
776 2011 848 2064 lunt.
866 2010 962 2082 Steph.
982 2009 1044 2064 cot.
1300 2067 1305 2076 ⁴

167 2103 170 2116 ·
229 2083 277 2136 ubi
298 2099 440 2156 ergosnnt
460 2082 495 2156 ii]
521 2083 769 2154 nbisantergohi
787 2083 867 2140 Med.
881 2086 954 2141 lunt.
974 2085 1101 2138 ubisttnt
1117 2100 1190 2153 ergo
1207 2086 1238 2138 ii.
1261 2081 1482 2154 Sounnbiergo

115 2169 118 2172 '
151 2167 221 2214 sunt
236 2158 274 2212 tit.
294 2158 355 2212 tid.
374 2159 620 2227 nbiergosuntit‘
640 2161 738 2234 Steph.
760 2160 822 2215 Col.
900 2173 913 2203 θ
1515 2153 1520 2162 ’

228 2233 294 2306 qnid
316 2231 442 2305 tandem]
469 2233 585 2289 saltandi
605 2236 678 2292 dixi.

230 2325 288 2363 tum
306 2326 384 2375 enm,
408 2312 455 2380 qni
475 2314 597 2379 nonsit]
623 2310 666 2365 ed.
688 2308 764 2364 Mei.
787 2321 848 2363 trem
868 2329 938 2367 esse.
976 2309 1092 2364 Ceteros
1114 2326 1178 2363 enm
1200 2307 1308 2382 tulgttt
1332 2316 1390 2361 tam
1413 2325 1484 2363 emn-

151 2384 214 2456 Ego
232 2401 353 2457 agnosco
374 2390 402 2437 in
423 2384 547 2444 lectione
564 2385 640 2440 Med.
661 2402 740 2439 verse
759 2391 890 2459 vestigia,
909 2401 937 2440 et
961 2391 1101 2440 constituo
1119 2385 1213 2439 locum
1232 2390 1289 2439 tio:
1308 2402 1390 2456 quum
1408 2388 1483 2435 enim

151 2463 287 2512 iniseriam
304 2459 454 2511 essetdicis
468 2477 613 2530 noneste,
632 2468 748 2535 quinon
765 2468 820 2532 sit,
839 2462 912 2515 diets
924 2480 991 2516 esse.
1031 2464 1093 2516 Hoc
1106 2476 1165 2531 est,
1183 2476 1244 2516 tum
1264 2476 1344 2527 eum,
1364 2462 1484 2532 quinon

153 2541 209 2603 sit,
227 2534 298 2590 dicis
317 2552 387 2590 esse.
472 2555 477 2566 ·
548 2573 549 2580 κ
1404 2551 1410 2558 ·

171 2652 183 2667 .
229 2615 313 2664 istno'
322 2611 426 2680 dicem]
452 2617 511 2664 ista
523 2609 614 2663 dicam
629 2610 707 2665 Med.
722 2612 796 2665 lunt.
807 2610 886 2665 Seue.
901 2609 964 2665 Ati.
978 2610 1073 2684 steph.
1087 2609 1148 2665 Col.

228 2690 252 2740 si
268 2689 362 2739 misssi
374 2689 452 2756 sunt]
478 2690 536 2740 sint
552 2684 627 2739 Med.
649 2687 727 2740 Scur.
740 2695 807 2738 sunt
820 2688 894 2741 lunt.
911 2685 972 2740 Alei
987 2687 1083 2759 Steph.
1102 2685 1163 2741 col.
1189 2685 1262 2738 Turn
1279 2701 1330 2759 pro
1350 2690 1423 2737 istnc
1438 2687 1486 2755 ip·

151 2779 230 2827 mm,
257 2760 337 2813 istud
351 2765 441 2830 instem
460 2759 537 2815 Med.
553 2762 630 2830 lunt.
644 2763 722 2818 Scor.
736 2760 798 2816 Ald.
812 2761 908 2835 Steph.
924 2761 985 2817 Col.
1003 2762 1073 2815 Mox
1091 2760 1232 2834 distinguo
1253 2765 1309 2814 tio:
1330 2760 1372 2814 M.
1389 2755 1484 2829 Quid?

152 2838 275 2908 (scilieet
288 2832 365 2982 a‘Ji)
385 2841 514 2889 miserius
528 2836 657 2905 (subaudi
674 2843 759 2891 etiam
770 2843 816 2890 ais
834 2854 973 2903 noneste,
989 2846 1140 2909 postquam
1150 2834 1258 2912 siseris)
1275 2853 1357 2908 qnam
1370 2838 1482 2886 omnino

228 2930 295 2964 usrn
329 2912 423 2963 nisse?

151 2931 272 3041 mqtne
291 2989 436 3057 miserum]
461 3004 504 3040 me
522 2996 623 3046 natum
640 2991 773 3041 miseriem
792 2986 869 3045 Med.
889 2988 969 3046 Stnr.
990 2985 1040 3043 sed
1060 2996 1159 3042 natum
1178 2984 1255 3042 deest
1274 2982 1318 3040 ed.
1330 2984 1404 3039 lnnt.
1417 2979 1482 3039 Ali.

153 3063 186 3119 St
223 3062 252 3118 h.
272 3062 334 3119 col.
643 3080 646 3088 ·
955 3077 962 3092 ’

187 3081 272 3194 {pen
292 3142 319 3196 7.
344 3156 402 3192 nott
416 3154 464 3192 eos
476 3141 605 3210 miseros]
631 3140 707 3194 Fott.
726 3158 782 3195 non
794 3158 842 3194 eos
851 3145 959 3214 potius.

227 3218 275 3286 qui
289 3217 408 3284 nonsit]
435 3212 511 3268 Med.
527 3213 605 3269 Setis.
617 3215 698 3286 qnod.
719 3215 833 3271 Ceterae
853 3223 910 3288 qttt'.

229 3305 313 3340 omne
330 3293 556 3363 pronuntiatum,
577 3294 630 3360 sie]
656 3309 763 3344 omnem
772 3298 990 3364 pronamtatnm
1009 3286 1085 3345 Med.
1098 3292 1207 3342 vitiose.
1220 3302 1300 3339 omne
1309 3287 1483 3356 promentia-

153 3371 214 3417 tttm
226 3371 270 3415 est
280 3368 322 3414 sic
334 3392 372 3407 -
386 3368 460 3419 lunt.
474 3380 501 3418 et
516 3365 582 3420 itsee
595 3381 713 3420 testreet
725 3365 820 3421 lectio.
858 3368 973 3420 Ceterae
985 3382 1050 3419 enm
1062 3364 1172 3436 vnlgstt
1183 3361 1302 3416 faciunt.

228 3456 312 3510 qnntn
330 3438 400 3492 dieis
414 3442 511 3513 igitur]
536 3458 618 3510 qrtttm
636 3446 728 3508 igitur
745 3443 817 3494 dieis
831 3437 1164 3495 Med.1nnt.Scttr.Ald.
1180 3438 1277 3510 Steph.
1290 3435 1352 3492 cot.

191 3514 273 3568 CU-
293 3521 320 3574 8·
358 3516 447 3586 Ecqui
468 3518 544 3587 ergo]
570 3521 649 3586 atqui
665 3534 736 3585 ergo
755 3515 833 3572 Meti.
852 3526 881 3569 et
896 3516 963 3587 qnid
976 3533 1047 3584 ergo
1066 3514 1145 3567 Setis.
1183 3513 1297 3569 Ceterae
1314 3508 1420 3585 eoqttid.

229 3586 265 3640 nd
278 3593 371 3660 quem]
397 3589 437 3642 od
448 3608 530 3662 qttam
552 3588 768 3662 Med.adquem
788 3594 862 3646 lunt.
877 3592 956 3646 Scnr.
971 3589 1029 3644 sid.
1042 3588 1212 3663 stipitem
1323 3621 1326 3628 ν
1410 3635 1412 3642 s

227 3664 324 3718 Emori
338 3664 415 3735 nolo]
442 3667 485 3717 me
498 3669 571 3718 mori
581 3666 647 3718 nolo
667 3665 742 3721 Med.
763 3668 877 3721 Ceteros
890 3671 979 3719 emori
994 3666 1069 3720 noio.

120 3754 129 3765 ·
170 3745 173 3750 '
228 3743 302 3793 ittno
315 3739 440 3813 quidem]
466 3739 546 3793 istud
561 3740 638 3795 Med.
658 3743 731 3804 ituit.
746 3742 823 3796 Scut.
851 3744 965 3796 Ceterae
980 3747 1064 3796 istuc.

227 3833 257 3869 n.
275 3833 311 3868 m.
329 3834 366 3869 m.
379 3835 408 3873 n.
426 3836 449 3870 e.
469 3833 491 3870 s.
504 3814 535 3872 b.
556 3835 614 3870 esse
632 3821 762 3887 mortem]
788 3835 845 3870 non
859 3817 941 3868 modo
962 3817 1065 3868 maium
1080 3832 1135 3867 non
1148 3832 1208 3867 esse
1220 3821 1355 3876 mortem,
1373 3808 1425 3862 sed
1435 3809 1484 3862 bo·

153 3908 218 3944 ntem
231 3895 318 3942 etiam
330 3909 391 3942 esse
407 3890 482 3946 Med.
496 3892 571 3946 lunt.
585 3892 663 3946 Seni.
701 3894 816 3946 Ceterae
830 3908 895 3945 enm
909 3892 1016 3964 vulgata
1030 3890 1144 3945 faciunt.

159 4003 164 4010 -
228 3964 318 4018 habeo
338 3984 359 4020 t.
379 3965 489 4032 audite,
516 3981 546 4019 ut
569 3973 643 4021 enim
663 3965 778 4037 efficies]
805 3986 878 4020 aveo
901 3975 996 4019 tamen
1011 3966 1128 4028 audire5
1151 3974 1183 4017 ut
1201 3970 1275 4017 enim
1293 3979 1349 4014 non
1365 3956 1483 4032 efficias

152 4039 229 4114 quod
244 4048 308 4107 vis,
327 4050 422 4094 tamen
434 4060 511 4094 mors
526 4050 559 4093 nt
573 4043 676 4094 maliem
688 4049 813 4107 nonsit,
832 4041 964 4116 effinsts,
984 4048 1026 4096 sic
1043 4059 1137 4095 omnes
1149 4040 1220 4094 bene
1240 4054 1268 4092 et
1284 4039 1442 4111 perspicuos

227 4121 285 4170 veri
306 4115 545 4185 videom‘similia]
571 4120 740 4170 verisimilia
751 4117 865 4170 videam
885 4116 962 4172 Med.
975 4119 1050 4173 lunt.
1066 4117 1145 4170 Stur.
1159 4114 1223 4169 Ali.
1236 4113 1333 4185 Steph.
1349 4108 1410 4164 eoi.

190 4191 271 4246 Cer.
291 4195 319 4250 9.
346 4198 432 4245 animi
451 4209 466 4244 a
485 4196 614 4264 corpote]
640 4211 831 4265 eumcorpore
857 4192 934 4246 Med.
949 4193 1023 4247 lunt.
1038 4188 1189 4247 Sesami.
1204 4189 1299 4259 Steph.
1314 4185 1377 4242 Col.

228 4265 411 4340 Empedocles
428 4269 566 4338 animum]
590 4267 773 4340 Empedocles
784 4277 879 4321 atatem
891 4274 1015 4322 ominum
1026 4267 1102 4323 Med.
1116 4269 1190 4320 lunt.
1201 4267 1297 4324 Scina
1311 4260 1358 4316 ted
1372 4260 1407 4313 nb
1419 4253 1486 4316 tili.

154 4338 249 4415 Steph.
265 4342 325 4395 Col.
342 4341 420 4397 abest
432 4351 536 4396 aretem.

227 4422 349 4471 ssimum
371 4435 463 4472 tutent
480 4418 528 4471 elii
548 4422 689 4484 animent,
709 4432 742 4472 nt
759 4414 816 4472 fere
835 4421 926 4472 nostri
943 4414 1086 4470 declarent
1103 4419 1220 4485 nornen}
1244 4417 1369 4468 animum
1387 4418 1483 4462 aretem

153 4496 293 4557 animam,
313 4502 346 4545 at
356 4491 428 4564 sere
446 4498 540 4545 nostri
558 4494 705 4547 declarant
720 4498 863 4564 nominari
880 4490 957 4547 Med.
985 4496 1108 4544 aninutm
1124 4499 1219 4542 autem
1238 4493 1377 4551 animam,
1398 4491 1485 4538 etiam

146 4566 217 4641 sere
235 4573 331 4620 nostri
348 4568 497 4621 declarant
514 4575 664 4622 nominari.
689 4570 763 4622 lunt.
788 4572 866 4624 Snus.
892 4572 1014 4620 animum
1038 4576 1132 4619 autem
1153 4566 1204 4617 atti
1226 4569 1351 4616 animam
1366 4571 1398 4613 ut
1412 4558 1484 4630 sero

152 4649 246 4695 nostri
264 4642 428 4709 declarant,
448 4649 598 4700 nominari.
619 4643 681 4698 tid.
696 4643 792 4715 Steph.
805 4642 867 4697 Col.
903 4644 964 4715 Ego
983 4640 1095 4695 msiim:
1115 4646 1238 4692 animem
1255 4648 1351 4692 antem
1367 4634 1484 4692 etmdem

153 4728 307 4790 essentque
320 4725 461 4785 animm,
480 4729 511 4771 ut
520 4718 593 4791 fere
607 4724 702 4771 nostri
716 4718 864 4771 declarant
875 4723 1070 4783 nominantes,
1090 4732 1136 4769 snt
1150 4729 1243 4789 potest
1255 4714 1341 4768 lectio
1355 4712 1484 4766 lunttnse

153 4809 181 4848 et
200 4795 380 4848 Senserisnte
402 4799 522 4862 terreri,
541 4811 571 4849 ut
589 4799 726 4848 sententia
741 4798 794 4847 site
812 4798 901 4847 nostri
922 4790 979 4846 iere
996 4791 1137 4846 deeisrtnt
1150 4789 1266 4844 esndent
1283 4804 1341 4842 rem
1358 4791 1485 4840 animum

154 4885 234 4942 atque
254 4873 375 4923 animam
395 4887 472 4935 esse,
492 4886 520 4924 et
533 4874 673 4923 nominati
692 4868 805 4924 diversis
822 4867 932 4941 quidem
948 4867 1125 4934 nominibus,
1144 4884 1202 4920 sem
1220 4880 1316 4921 tamen
1325 4877 1418 4920 nntttt.
