3384 5359
200 309 240 374 ιι
458 275 1263 446 ipscucnuaumumtseuaattouuu

200 452 382 546 toleranter
407 463 502 538 atque
531 454 667 516 humane
687 452 808 517 lentant.
867 452 914 517 At
936 450 1062 519 Cimbri
1083 462 1116 514 et
1138 448 1295 540 Celtibeti
1318 449 1350 513 in
1371 450 1527 533 peo'eliia¹

126 611 131 623 ,
200 550 378 624 exsultant,
414 546 623 610 lamentantur
651 546 684 609 itt
711 548 849 610 morbo:
888 545 966 608 nihil
997 545 1079 608 enim
1111 554 1220 628 puteat
1248 564 1317 607 esse
1333 545 1525 629 aequabile,

202 645 290 730 qnod
318 662 382 706 non
416 661 434 703 a
465 651 553 703 cet-ta
582 638 705 708 tatione
724 639 965 723 proficiscatur.
1009 640 1063 702 66.
1087 640 1150 704 Sed
1171 659 1267 722 quum
1290 637 1416 715 videas,
1449 639 1530 715 eoa,

197 727 255 823 iqui
277 736 350 799 ιιιι1
373 732 498 809 studio,
523 733 753 815 autopuione
775 736 950 811 ducantur,
967 734 1007 799 in
1029 754 1069 798 eo
1093 735 1316 816 persequendo
1342 744 1438 817 atque
1461 732 1529 794 adi-⁴

200 829 373 915 placendo,
398 828 512 891 dolore
532 847 603 890 nou
619 825 744 913 ltangi:
768 830 905 892 debeaa³
927 828 1127 905 existimate,
1153 839 1207 890 aut
1228 848 1292 892 ιιοιι
1317 845 1387 889 eaae
1410 827 1524 889 maltam

188 924 364 1006 ⁸‹lolutetttt
400 933 471 996 aut,
494 921 587 982 etiam
609 921 660 995 ai,
679 920 840 1006 'quidquid
861 944 1008 1004 asperum
1031 923 1230 1006 alienumque
1252 921 1385 984 natarat
1406 922 1463 993 ait,
1493 918 1527 981 id
1561 937 1565 941 ·

201 1014 356 1101 appellari
377 1016 500 1098 placeat
523 1013 654 1088 malum,
678 1014 852 1078 tantulum⁵
875 1029 977 1078 tamen
1005 1037 1094 1090 eaae,
1116 1028 1187 1078 uta
1209 1014 1328 1078 virtute
1346 1014 1390 1077 ita
1408 1016 1525 1077 obrua-

200 1124 272 1188 tur,
307 1123 342 1174 ut
364 1129 517 1194 nuaqttatn
542 1120 708 1190 appnneat.
765 1108 858 1190 Quae
881 1110 1051 1190 meditat-e,
1074 1098 1226 1195 quaeso,
1261 1109 1380 1172 diea'et
1400 1120 1524 1172 noctae.

201 1205 314 1268 Latina
334 1203 415 1268 enim
440 1202 579 1266 manabit
606 1204 687 1266 liaeo
712 1202 817 1281 tatio,
855 1217 887 1267 et
910 1204 1072 1289 aliquanto
1096 1204 1251 1266 maionem
1272 1203 1398 1277 locum,
1432 1221 1525 1290 quam

201 1300 240 1362 de
261 1319 326 1362 uno
350 1295 483 1373 dolore,
508 1299 692 1379 occupabit.
737 1300 819 1361 Nam
845 1299 873 1362 ai
895 1298 1000 1365 omnia
1021 1297 1191 1381 fugiendae
1213 1296 1435 1379 turpitudinis,
1460 1294 1527 1357 adi-

200 1388 433 1477 piacendaeqt'tc
461 1389 636 1455 honaatatia
657 1413 751 1455 causa
773 1392 969 1468 iaciemua⁶,
1004 1412 1069 1455 nou
1099 1393 1195 1468 modo
1217 1391 1361 1455 stimuloa
1384 1390 1523 1463 doloris,

147 1557 150 1562 ,
200 1487 258 1551 aed
280 1485 372 1548 etiam
395 1486 524 1566 fulmina
546 1485 697 1574 fot-tunae
713 1500 950 1551 contemnamus
970 1487 1094 1550 licebit:
1117 1484 1303 1568 praesertim
1322 1507 1416 1570 qutun
1431 1506 1526 1565 para·

197 1592 267 1644 tunt
289 1581 331 1644 ait
352 1580 430 1644 illud
457 1581 517 1644 ex⁷
550 1582 697 1644 hesterna
731 1581 944 1665 disputatione
965 1579 1193 1665 perfugium.
1226 1581 1280 1642 tt.
1310 1579 1356 1642 Ut
1386 1580 1470 1641 enim
1499 1575 1526 1640 ai

199 1674 254 1738 cui
272 1674 445 1761 naviganti,
469 1673 585 1761 quem⁹
606 1677 785 1756 praedones
801 1677 1017 1760 insequantur,
1042 1678 1118 1738 deus
1134 1676 1203 1759 qnia
1212 1675 1240 1714 ¹⁰
1261 1672 1394 1749 dixerit,
1410 1671 1527 1746 ,Eiicc

146 1825 150 1830 .
199 1765 238 1832 τό
256 1769 295 1832 de
317 1768 442 1843 navi¹¹;
479 1770 648 1851 praeatum
668 1781 727 1844 eat,
752 1771 806 1853 qui
828 1770 985 1852 excipiat,
1023 1772 1077 1833 vel
1099 1770 1281 1851 delphinus,
1313 1779 1348 1829 ut
1366 1766 1525 1831 Anionem

200 1862 483 1943 Methymnaeam,
507 1860 559 1925 vel
581 1861 654 1945 equi
677 1863 809 1946 Pelopia
832 1864 877 1928 illi
898 1865 1071 1947 Neptunii,
1096 1863 1150 1948 qui
1170 1886 1237 1946 per
1261 1861 1374 1926 undat
1400 1880 1525 1922 caumata

202 1977 388 2040 anapenaoa
407 1956 566 2040 rapmaae
584 1958 742 2033 dicuntur,
767 1959 927 2041 excipient
949 1960 1026 2034 te¹³,
1051 1970 1093 2033 et,
1118 1978 1183 2042 quo
1205 1957 1296 2030 velis,
1321 1951 1525 2036 petierent;'’

201 2070 330 2114 omnem
352 2051 513 2116 omittatss·
534 2051 703 2117 timoremt
728 2051 773 2115 sic
794 2051 983 2138 urgentibua
1006 2050 1127 2134 asperis
1151 2062 1183 2114 et
1204 2049 1323 2113 odiosis
1346 2046 1523 2120 dolonibus,

201 2141 329 2208 citanti
361 2145 454 2210 *uon
487 2145 547 2220 ait,
585 2158 619 2208 ut
639 2146 761 2209 serendi
790 2147 899 2222 aint¹⁵,
931 2167 997 2231 quo
1019 2145 1061 2208 ait
1082 2143 1349 2229 conlitgiendum,
1387 2139 1524 2204 aidea¹⁶.

202 2236 293 2300 Haec
313 2238 384 2301 let-a
404 2239 468 2304 hoc
492 2251 637 2321 tempone
660 2238 770 2322 putavi
790 2260 860 2303 ease
881 2241 1026 2327 dicenda.
1071 2239 1133 2301 Sed
1148 2249 1182 2300 tu
1203 2231 1341 2300 lactasse
1355 2236 1385 2297 in
1400 2246 1525 2297 senten·

202 2328 246 2392 tia
275 2348 452 2412 permanea.
496 2336 542 2399 A.
577 2332 711 2395 Minime
733 2353 833 2396 veto:
869 2354 984 2419 meque
1001 2332 1106 2395 ltiduo
1133 2334 1263 2394 duarum
1285 2350 1411 2403 nerum,
1446 2347 1524 2412 quat

202 2422 335 2500 maxime
357 2424 524 2501 timebam,
548 2435 654 2509 spato*
668 2425 837 2488 liberatum
860 2437 957 2490 metu.
977 2430 1033 2491 M.
1058 2425 1140 2490 Ctaa
1155 2445 1237 2509 engo
1253 2423 1523 2504 adelepaydcamt

201 2513 248 2578 tie
277 2517 359 2581 caim
381 2517 566 2583 dicimua¹²e
602 2520 693 2582 aed¹⁸
722 2519 780 2583 tibi
812 2521 876 2584 ltoc
908 2521 1002 2584 video
1032 2542 1096 2583 nott
1125 2501 1220 2601 poiae
1242 2518 1362 2581 deberi.
1405 2518 1452 2580 Α.
1475 2516 1525 2578 lta
1594 2543 1598 2546 >

201 2628 350 2694 protana.
401 2613 445 2676 Et
476 2611 552 2674 illud
581 2611 705 2697 quidem
739 2625 810 2678 ante
842 2614 1022 2688 meridiem
1044 2615 1110 2677 hoc
1132 2615 1424 2694 eodem'tempote.
1466 2610 1524 2672 M.

200 2703 256 2768 Sic
276 2702 446 2783 faciemus,
471 2706 596 2791 tuisque
617 2706 745 2790 optimis
766 2707 877 2772 atudiia
900 2706 1161 2791 obsequenda-¹⁹.
1190 2725 1197 2740 ⁸
1249 2745 1254 2754 »
1298 2751 1307 2776 ι

278 2915 318 2981 (1)
336 2941 375 2960 -ι
391 2915 498 2977 proelio
518 2915 582 2970 Ml..
620 2914 658 2990 (⁹)
677 2946 715 2958 —
732 2917 833 2969 videas
851 2935 904 2989 qao
923 2922 984 2989 qatt'a
1002 2925 1054 2969 aaut
1072 2925 1109 2970 at.
1129 2949 1147 2960 -
1165 2947 1185 2960 ·
1204 2916 1323 2968 dicautur
1341 2917 1431 2968 Vatia.
1450 2915 1525 2981 Hlnq

199 2975 267 3050 W!
274 2995 303 3045 2.
323 2987 357 3042 de
377 2991 443 3043 Ilm.
464 2987 510 3046 da
529 3005 567 3048 eo
584 2991 700 3058 uidens,
730 3011 794 3058 aas,
826 2999 874 3065 qut
891 3012 944 3064 quo
964 3001 1015 3046 aut
1032 3002 1107 3064 etq-
1127 3022 1146 3036 -
1165 2993 1314 3044 ιίιιιιιιιιιι.
1358 2991 1441 3043 Facio
1460 3005 1529 3054 cum,

198 3065 331 3118 Nlaaenio
351 3064 487 3137 vulgatam
505 3063 678 3121 defendente.
698 3065 748 3141 (-
766 3085 828 3133 σοι,
849 3086 902 3140 qao
921 3078 971 3121 aut
989 3078 1026 3122 et.
1046 3100 1065 3113 -
1083 3100 1104 3111 -
1121 3067 1262 3120 ducantur
1280 3063 1346 3139 Da.)
1375 3065 1412 3140 (³)
1433 3063 1478 3117 Sic
1492 3065 1525 3120 ll.

200 3127 396 3195 taascvm.
426 3151 450 3198 1.
479 3143 531 3201 w.
557 3148 584 3197 2.
609 3157 648 3196 ω
672 3142 754 3198 aaa
778 3143 848 3197 cua.
876 3142 940 3214 itaq.
970 3144 1061 3198 aut.
1088 3147 1136 3196 oa.
1157 3143 1225 3197 tut.
1277 3141 1314 3210 (ι)
1336 3143 1382 3196 ste
1403 3142 1434 3194 a.
1453 3141 1525 3193 021.

201 3213 292 3268 Gcbh.
325 3223 349 3272 1.
377 3215 430 3274 W.
450 3220 477 3270 2.
495 3239 532 3275 =
551 3236 570 3267 a
589 3227 694 3269 ιιιιιιιιιι
714 3215 783 3271 Cdd.
805 3218 870 3290 aliq.
893 3219 1120 3272 PABsEcvML.
1149 3218 1218 3272 Lall.
1270 3216 1309 3287 (⁵)
1329 3241 1365 3274 =
1383 3215 1525 3268 tantillam

200 3287 270 3344 cdd.
291 3290 357 3360 aliq.
375 3296 446 3356 (nott
465 3289 510 3367 ll.)
538 3292 612 3347 psat.
640 3292 709 3347 Lall.
757 3291 1392 3368 (⁶)-faciamaoeanssscv,(nou1>ntt.)
1431 3289 1468 3356 (1)
1488 3318 1526 3333 -

200 3379 255 3416 οιιι.
271 3384 308 3417 ce·
326 3366 405 3419 fluv,
426 3365 463 3438 (⁸)
482 3396 520 3410 -·
535 3365 705 3440 profugium
724 3368 874 3423 Pansae.
895 3367 932 3436 (1)
952 3397 989 3413 -
1008 3387 1062 3422 om.
1082 3388 1161 3441 quem
1180 3371 1213 3422 tt.
1232 3367 1287 3423 dlii
1301 3367 1372 3421 cdd.
1385 3365 1475 3421 Gebh.
1490 3365 1526 3419 D.

198 3439 250 3506 (¹⁰)
267 3458 306 3494 =
324 3444 372 3511 qast*
389 3440 460 3496 021.
482 3442 517 3495 D.
539 3441 604 3512 (eir.
625 3444 734 3516 Wopk.
755 3462 783 3517 p.
802 3448 862 3510 67.)
905 3445 960 3510 ’(11)
980 3446 1027 3499 Sic
1045 3444 1077 3514 b..
1100 3443 1306 3499 desaeviit..
1327 3441 1396 3494 Lall.
1416 3441 1468 3498 W.
1486 3439 1544 3493 ω’

112 3581 116 3590 ἢ
197 3518 266 3566 etiae
287 3522 315 3566 te
334 3518 404 3567 atavi
425 3515 542 3574 tantu.
564 3520 593 3572 Ρ.
614 3519 704 3573 Gebh.
725 3518 760 3572 D.
783 3527 808 3576 1.
828 3524 856 3574 2.
902 3517 952 3594 (11)
970 3549 1009 3563 -
1026 3538 1061 3572 en
1075 3528 1192 3590 praesto
1212 3518 1262 3573 SE.
1307 3517 1357 3586 (¹³)
1377 3546 1413 3558 -
1431 3522 1478 3588 qui
1496 3524 1525 3568 te

199 3606 261 3643 tm.
289 3589 342 3643 SE.
393 3589 444 3657 (11)
472 3593 521 3647 stc
546 3593 658 3647 CVML.
688 3594 778 3648 Gebh.
807 3593 876 3646 Lall.
909 3603 932 3652 1.
962 3595 1014 3652 W·
1043 3601 1070 3651 2.
1094 3623 1133 3636 ··-
1151 3599 1267 3646 omittas
1286 3593 1317 3647 R.
1338 3590 1407 3646 Cdd.
1428 3591 1524 3665 pleriq.

143 3681 153 3695 ‘
198 3663 322 3719 PADSE.
362 3662 413 3740 (¹⁵)
433 3666 480 3720 sic
499 3664 533 3721 tle
554 3667 687 3722 Gulielmi
708 3684 736 3723 et
757 3669 846 3722 Bentl.
867 3667 897 3725 Ε.
918 3673 953 3727 D.
972 3669 1041 3722 Latl.
1061 3669 1113 3725 W.
1132 3697 1172 3711 -
1189 3674 1215 3719 ai
1232 3672 1309 3719 tanti
1326 3685 1383 3719 ιιοιι
1401 3673 1476 3732 sint,
1494 3673 1525 3717 ut

135 3783 139 3788 .
191 3736 316 3810 ferendi
334 3744 393 3792 atne
411 3739 444 3798 lt.
461 3742 512 3796 Gt.
531 3741 558 3797 b.
580 3743 752 3798 PABSECV.
773 3763 913 3816 peractae,
934 3749 986 3798 etti
1001 3741 1124 3798 defendit
1143 3745 1252 3799 Nisaen.
1266 3749 1338 3794 -ai
1355 3749 1431 3794 ιιιιιιι·
1449 3748 1523 3806 sint,

158 3809 178 3838 ·'
195 3823 229 3868 ut
239 3813 361 3886 ferendi
378 3833 435 3867 ιιιιι
452 3822 512 3870 auu
529 3818 595 3874 ML.
614 3817 645 3876 d.
668 3819 740 3873 laeua
756 3820 883 3874 Ursinus.
904 3816 1171 3877 RurautErn.C.1·
1189 3825 1214 3875 2.
1235 3816 1284 3886 (¹⁶)
1298 3847 1335 3861 -
1351 3825 1381 3868 ul
1399 3818 1479 3870 videt
1493 3818 1523 3870 ll·

194 3890 274 3960 Piala.
293 3919 333 3935 -ι
351 3898 384 3942 eu
401 3890 481 3944 videa
499 3893 577 3947 Asu.
598 3893 690 3968 (prob.
711 3898 758 3959 D.)
788 3896 839 3964 (¹⁷)
861 3900 907 3950 Sic
927 3893 997 3949 Cdtl.
1014 3896 1080 3966 aliq.
1099 3894 1199 3949 BSEC.
1219 3893 1310 3966 (prob.
1331 3894 1434 3962 Baua.)
1456 3889 1525 3944 Lall.

201 3974 229 4023 ι.
247 3971 275 4022 a.
294 3992 329 4009 ·-
347 3964 470 4020 aalma
487 3966 517 4021 a.
537 3968 592 4024 atu
612 3967 681 4023 cad.
702 3969 804 4040 Puw.
824 4000 861 4014 -
880 3970 1011 4023 amamus
1030 3972 1062 4024 tt.
1083 3970 1195 4026 avua.
1216 3959 1306 4024 ceth.
1353 3966 1404 4042 (a,
1425 3967 1471 4020 saa
1492 3969 1525 4020 ιι.

195 4055 262 4096 cam
282 4038 349 4095 cdd.
371 4046 455 4097 notit.
477 4043 735 4108 PABSECVMLD.
754 4055 839 4098 -et
859 4062 924 4116 cam
945 4046 1075 4100 Turnebo
1096 4041 1173 4101 Ado.
1189 4048 1217 4111 lt,
1239 4041 1390 4104 18.Gebh.
1412 4040 1478 4094 Lall.
1501 4050 1527 4100 t.

195 4114 248 4173 W·
269 4121 295 4172 9.
315 4114 417 4172 Statua
445 4133 506 4172 eat:
538 4136 620 4187 „ctat
647 4134 712 4197 erge
733 4125 809 4195 priua
842 4119 878 4174 ad
910 4120 1084 4195 clepaydram
1116 4120 1348 4180 declamabimcaa
1380 4120 1422 4170 aie
1450 4121 1527 4170 enim

199 4186 291 4246 laeeta
305 4189 443 4252 aciemuaa
465 4191 532 4260 aed,
551 4195 607 4250 heo
626 4193 754 4250 autumo
773 4197 924 4264 exercitio,
944 4201 1041 4253 atatim
1053 4196 1178 4253 debitunt
1196 4213 1290 4252 meum
1303 4194 1354 4253 tibi
1370 4191 1531 4268 petaaltam

194 4278 227 4319 ut
246 4279 339 4320 teattat
358 4267 568 4342 puuoeopw
607 4268 715 4340 (¹⁹1²
732 4270 824 4344 cheae.
843 4279 880 4328 at.
899 4273 1000 4327 PABC.
1388 4277 1389 4282 ’
1417 4269 1419 4278 ’
1524 4257 1529 4278 ⁸
