3384 5359
682 348 748 414 An
770 348 936 414 ΜΒΝ.
1048 375 1051 382 ’
1406 343 1470 411 29⁹

138 484 318 542 “ferendum
338 502 382 542 est
402 493 547 558 corporis:
572 503 608 541 sn
629 485 717 542 voluit
736 488 772 540 ab
789 487 834 540 trit
851 492 979 561 eorporis
999 488 1099 541 bonis?
1124 489 1199 559 atqui
1218 483 1287 539 irase
1305 499 1370 540 sunt
1391 481 1465 540 bons

139 567 247 625 animia
271 581 311 616 nn
331 557 460 634 eorporis
479 573 597 616 externa
619 563 712 616 dona?
738 569 813 637 utqui
832 563 907 617 bona
925 569 1052 637 corporis
1070 560 1177 616 diversa
1199 577 1264 615 sunt
1285 560 1321 614 ob
1338 567 1467 614 externis

138 644 200 693 sivo
226 636 353 693 fortunae
378 638 474 694 benis:
503 655 534 692 ut
556 656 639 712 supra
661 657 686 694 c.
710 645 755 701 50.
799 640 872 692 Tria
897 658 1004 707 genera
1028 639 1180 697 honorume
1211 641 1338 689 maxima
1365 641 1464 704 ammi,

138 714 266 767 secunda
283 719 420 786 corporis,
438 724 560 768 externa
576 718 682 776 tertia,-
702 730 729 769 et
749 732 774 768 c.
792 720 837 774 17.
864 715 955 785 Quum
972 719 1003 767 in
1022 716 1142 766 alteram
1161 714 1268 778 laricem
1286 716 1375 764 amnti
1392 712 1467 764 dorsa

139 796 287 862 imponat,
305 796 336 842 in
354 791 476 862 alteram
492 795 619 862 corporis
638 799 665 842 et
684 798 822 850 externa5
842 806 870 844 et
890 807 915 843 c.
931 794 977 847 27.
1014 790 1078 841 Sint
1095 807 1162 840 sane
1180 789 1231 840 illa
1249 805 1356 856 genero
1374 787 1465 838 bono-

140 883 222 929 rum,
248 866 312 916 dean
333 871 459 936 corporis
483 874 511 917 et
530 874 650 917 externa
671 870 765 918 iacent
785 866 870 919 bimi.
910 864 964 919 sed
986 863 1031 918 fac
1052 882 1116 917 sum
1139 861 1271 928 edidisse,
1301 864 1338 915 Ut
1362 862 1398 913 ab
1419 861 1472 914 lu'r

139 946 272 1011 eorporis
290 940 343 993 ET
357 948 478 992 externa
496 940 664 994 observent.
692 941 767 1012 Quid
785 957 828 996 est
848 941 1000 993 observare
1017 941 1111 993 bona?
1135 944 1195 1011 quis
1214 943 1256 991 sic
1275 938 1385 991 locutus
1403 940 1465 992 esti

140 1019 207 1070 Boc
234 1031 327 1068 tamen
349 1017 396 1069 ille
422 1016 524 1080 roinit,
548 1014 647 1082 credo,
673 1025 705 1068 ut
722 1017 758 1068 ab
776 1016 924 1070 hironimi
947 1015 1045 1082 bonis,
1070 1013 1191 1069 secundo
1210 1013 1274 1067 loco
1292 1019 1418 1085 corporis
1435 1020 1466 1065 et

138 1100 263 1143 externa
281 1091 450 1144 'observente
472 1092 526 1144 buc
547 1107 605 1157 est,
626 1092 734 1157 colant,
755 1093 891 1165 diligant,
914 1108 1086 1146 venerentur.
1124 1090 1200 1155 Eho,
1219 1104 1254 1142 sn
1274 1088 1303 1141 id
1321 1095 1390 1144 satis
1410 1104 1465 1154 est,

138 1182 194 1221 cur
212 1173 321 1238 sapiens
341 1171 378 1221 sit
396 1184 506 1240 semper
524 1165 637 1233 beatus,
662 1172 686 1221 ri
708 1168 781 1221 bona
804 1172 930 1241 corporis
953 1182 980 1220 et
1001 1165 1127 1222 fortunae
1147 1169 1176 1218 iu
1196 1162 1324 1218 secundis
1344 1163 1467 1217 habean-

141 1243 208 1297 turt
237 1246 326 1295 immo
348 1260 411 1295 reru
437 1259 467 1295 ut
494 1258 558 1315 pree
580 1247 665 1295 animi
684 1242 765 1296 bonis
788 1244 856 1296 haec
882 1243 959 1296 humi
982 1247 1107 1306 iaceant,
1132 1238 1276 1304 sordenu,
1300 1257 1350 1313 pro
1374 1239 1465 1293 nihilo

139 1333 289 1391 potentum
312 1316 508 1384 obscurentur,
526 1334 701 1372 eranescaut.
739 1319 823 1371 Recte
839 1323 924 1391 igitur
943 1333 1019 1371 vetus
1039 1317 1138 1381 lectio,
1161 1333 1243 1387 quarn
1264 1315 1415 1368 Lambinus
1434 1328 1466 1369 et

141 1391 230 1447 Aldus
250 1398 337 1446 secuti
357 1408 435 1447 suut:
460 1393 499 1444 Ut
517 1393 552 1444 ab
570 1392 616 1444 leis
632 1399 759 1465 corporis
776 1393 829 1448 ΕΓ
846 1409 960 1446 externa
977 1391 1261 1445 OBSCUIiENTUli.
1300 1391 1343 1444 lta
1362 1388 1464 1444 Noster

141 1483 226 1538 saepe
246 1472 274 1519 in
298 1467 350 1521 hae
371 1473 508 1522 sententia
526 1469 672 1520 obscrtrart‘
692 1468 763 1522 dicit
785 1486 811 1524 et
831 1469 920 1522 obrui.
958 1468 999 1521 De
1019 1467 1132 1522 Finibus
1154 1467 1213 1530 ΙΙΙ,
1234 1469 1278 1523 ti.
1317 1465 1406 1535 Quum
1424 1470 1466 1516 81'2

141 1549 167 1596 is
193 1542 327 1594 bonorum
344 1543 435 1615 finis,
467 1562 547 1615 quem
572 1545 661 1596 Stoici
684 1544 796 1609 dicunt,
829 1550 920 1596 omnis
946 1551 1004 1596 ista
1029 1562 1123 1595 rerum
1147 1547 1177 1593 in
1202 1557 1319 1613 corpore
1344 1546 1465 1591 sitarum

142 1622 307 1669 aestimatio
322 1619 468 1690 splendore
483 1625 600 1671 uirtutis
612 1618 816 1673 obscuretur'et
834 1619 968 1672 obruatur
983 1627 1011 1670 et
1025 1624 1148 1671 intereat
1163 1634 1273 1669 necesse
1288 1623 1340 1670 est.
1357 1615 1466 1680 IV,12.

140 1694 214 1746 Non
236 1711 411 1762 quaeremus,
433 1693 500 1764 quid
520 1693 684 1747 obscuretur
704 1704 755 1746 aut
775 1699 913 1761 intereat,
938 1699 1004 1766 quia
1025 1701 1065 1746 sit
1086 1690 1235 1744 admodum
1253 1708 1393 1761 paruum.-
1414 1689 1467 1741 sed

142 1768 213 1840 qrtid
227 1770 284 1819 tals
299 1775 353 1832 sit,
373 1778 404 1820 ut
421 1769 536 1840 expleat
552 1788 698 1823 surntnam.
738 1772 801 1822 Una
815 1771 949 1842 voqustas
963 1789 978 1822 e
996 1771 1091 1821 nueltis
1109 1768 1272 1820 obscuratur
1289 1770 1319 1817 in
1335 1766 1386 1816 illa
1401 1769 1466 1816 vita

141 1843 466 1915 voluptaria-numum
486 1849 517 1895 iu
536 1846 634 1918 Croesi
651 1845 761 1897 diuitiis
779 1845 951 1900 obscuratur.
978 1844 1072 1914 Quare
1087 1842 1270 1897 obscurentur
1286 1847 1371 1893 stiam
1387 1838 1472 1906 iare,

140 1937 213 1990 quae
231 1919 378 1970 secundum
396 1929 529 1971 naturum
559 1938 618 1972 esse
643 1919 773 1985 dicimus,
804 1927 842 1974 in.
861 1927 923 1972 vita
943 1920 1043 1988 beuta,
1073 1926 1133 1972 siut
1156 1918 1238 1969 modo
1259 1925 1359 1989 portes
1383 1920 1465 1968 vitas

142 1994 252 2045 beatae.
292 1994 333 2046 Ita
354 1989 421 2046 alibi
441 2011 531 2066 saepe.
569 1996 604 2047 Et
628 2010 718 2048 tamen
738 1996 917 2060 Gebhardus,
945 2001 1023 2067 quusi
1046 2014 1075 2049 rc
1092 1994 1163 2048 bene
1185 2008 1260 2066 gestu
1284 1991 1466 2065 triumphant,

146 2068 248 2137 Vulgo
266 2072 373 2139 inepte,
397 2068 682 2123 OBSCURENTUR.
720 2069 747 2124 Ο
766 2088 815 2124 cor
833 2070 985 2124 Zenodoti!
1220 2073 1224 2084 '

221 2142 309 2197 lbid.
336 2144 460 2213 Qttorum
480 2151 701 2196 controversiam
719 2147 840 2211 solebat,
865 2155 1006 2216 tamquam
1027 2143 1195 2196 honorarius
1214 2141 1321 2193 arbiter
1341 2138 1466 2192 iudicare

143 2217 323 2272 Carneades:
350 2237 417 2270 nam
440 2238 521 2290 quum
547 2238 719 2291 quaecunque
743 2220 816 2273 dona
838 2221 1049 2292 Peripateticis,
1074 2218 1171 2271 eadem
1193 2219 1296 2269 Stoicis
1320 2214 1465 2266 commoda

141 2291 325 2352 viderentur,·
350 2312 435 2365 neque
456 2303 550 2346 tamen
572 2295 754 2370 Peripatetici
772 2299 836 2367 plus
858 2297 1013 2348 tribuerent
1034 2295 1159 2357 diuitiis,
1185 2293 1272 2344 lonae
1295 2289 1463 2355 valetudini,

141 2373 248 2420 ceteris
268 2368 349 2419 rebus
368 2375 480 2438 generis
499 2369 635 2435 eiusdem,
661 2388 742 2441 quam
762 2374 868 2424 Stoici:
895 2391 976 2442 qruem
994 2389 1029 2422 ea
1048 2388 1095 2436 re,
1115 2387 1173 2420 nou
1188 2367 1297 2432 uerbis,
1315 2364 1464 2436 pondera-
1554 2365 1559 2370 ’

141 2452 262 2503 rentum
292 2461 405 2494 caretum
432 2463 491 2495 esse
519 2443 693 2498 desiderandi
720 2447 866 2515 negabat]
906 2448 1010 2499 Iterum
1035 2446 1082 2498 bic
1106 2440 1284 2512 Gebhardus,
1315 2438 1465 2512 repudiatis

142 2516 286 2591 frugibus,
310 2518 407 2590 glande
427 2523 515 2591 puscit
536 2519 677 2574 lectorem.
715 2521 809 2588 Quum
826 2527 906 2584 ,enim
929 2523 1088 2586 Victorius,
1112 2524 1170 2590 ipse
1193 2533 1299 2589 quoque
1321 2513 1464 2568 codicibus

144 2597 204 2648 suis
225 2598 346 2652 nimium
370 2592 512 2661 addictus,
535 2593 602 2647 iliud
621 2594 813 2661 desiderandi,
836 2601 931 2650 nescio
952 2613 1006 2667 quo
1028 2595 1147 2648 consilio
1167 2598 1196 2647 iu
1216 2595 1467 2662 tertumrecepis·

142 2684 203 2730 σοις
227 2667 308 2740 idque
328 2667 491 2723 Gebhardus
515 2674 544 2723 in
563 2675 620 2722 suis
643 2674 808 2737 invenirem,
830 2678 888 2724 sine
909 2670 1081 2724 dubitatione
1103 2668 1231 2734 admisit,
1256 2683 1368 2720 securus
1388 2668 1466 2718 recto

143 2742 205 2798 talo
224 2759 277 2798 stet
297 2750 448 2809 sententia,
470 2761 506 2797 an
523 2743 613 2800 cadat.
650 2746 738 2811 Nam,
761 2765 811 2820 pro
833 2747 979 2800 hominum
1003 2745 1095 2798 fidem!
1119 2744 1185 2817 quid
1207 2759 1265 2809 est,
1286 2749 1309 2796 ri
1331 2742 1384 2793 hoc
1407 2759 1465 2794 non

143 2835 205 2882 est,
237 2819 326 2872 bouus
351 2835 477 2874 auctores
502 2836 695 2894 corrumpere,
724 2837 751 2874 et
778 2822 870 2874 luceru
896 2820 976 2874 rebus
1002 2823 1126 2894 eriperet
1159 2821 1269 2874 Siccine
1292 2818 1362 2870 hanc
1386 2815 1466 2868 litem

143 2883 338 2947 diiudicaverit
355 2894 508 2951 Carneades
528 2898 718 2960 Academicus,
739 2912 769 2949 ut
787 2898 888 2948 bonam
902 2897 1098 2961 valetudinem,
1117 2900 1307 2967 integritatem
1326 2907 1467 2953 sensuum,

143 2984 228 3042 neget
247 2987 306 3024 esse
327 2969 562 3028 desiderandami,
584 2973 660 3040 Quin
680 2975 733 3044 ipsi
752 2971 839 3025 Stoici
858 2970 1000 3038 sumenda,
1022 2969 1145 3045 eligenda
1165 2988 1223 3023 esse
1243 2966 1388 3030 dicebant,
1412 2970 1465 3019 etsi

142 3061 204 3098 non
223 3060 336 3118 propter
358 3063 395 3099 se.
433 3047 475 3098 De
496 3064 531 3098 eu
552 3046 626 3099 nulia
649 3062 708 3099 erat
734 3052 936 3109 controversiu;
959 3046 1006 3100 sed
1028 3046 1101 3119 quod
1121 3063 1164 3098 res
1186 3049 1244 3097 eius
1263 3046 1370 3115 generis
1387 3042 1466 3094 Peri·

144 3124 262 3194 patetici
278 3120 360 3171 Boua
378 3121 556 3193 appellarent,
573 3125 661 3176 Stoici
684 3138 782 3176 contra
795 3128 961 3196 praeposita
980 3138 1088 3177 tantum
1107 3121 1240 3185 dicerent,
1260 3118 1301 3170 vel
1312 3121 1466 3189 praecipua

144 3193 191 3248 vel
212 3195 371 3260 commoda,
394 3201 424 3248 in
446 3198 532 3250 Bonis
554 3201 669 3250 minime
692 3215 878 3255 numerarent.
916 3200 995 3252 Hanc
1017 3198 1097 3251 litem
1119 3201 1160 3249 iic
1179 3194 1325 3247 dirimebat
1345 3192 1466 3244 Carnea-

143 3268 210 3331 des3
236 3285 267 3323 ut
287 3288 316 3322 re
336 3289 383 3325 eos
402 3276 557 3325 consentire
577 3271 694 3339 diceret,
716 3274 805 3326 verbis
828 3273 913 3327 ruodo
932 3273 1095 3345 discrepare.
1136 3267 1295 3324 Retoeanda
1315 3271 1399 3340 igitur
1423 3283 1465 3320 est

143 3344 236 3398 lectio
256 3351 378 3419 priorum
400 3346 574 3414 editionum,
597 3365 680 3420 quum
706 3364 768 3402 tuus
792 3348 838 3401 ille
861 3348 946 3403 codex
968 3348 1132 3401 confirmat:
1170 3345 1261 3415 Qurrm
1281 3363 1315 3395 eo
1335 3359 1383 3407 rs,
1409 3359 1467 3393 non

143 3420 256 3484 verbis,
275 3421 516 3492 ponderarentur,
534 3440 647 3475 caturam
665 3442 725 3475 esse
744 3424 980 3477 DISSIDENDI
990 3422 1129 3491 negabat.
1170 3421 1245 3489 Quid
1266 3422 1352 3489 magis
1373 3433 1466 3491 aperto

144 3498 262 3549 retum?
283 3494 350 3568 quid
372 3497 466 3550 retulit
487 3503 517 3550 iu
542 3503 635 3570 scirpo
657 3497 762 3551 nodum
785 3503 934 3570 quaerere?
959 3501 1002 3551 Its
1024 3498 1125 3550 Noster
1147 3512 1228 3568 supra
1251 3511 1276 3549 c.
1296 3495 1349 3549 XI.
1387 3493 1466 3544 Inter

143 3569 287 3622 Zenonem
306 3581 340 3623 st*
354 3571 555 3643 Peripateticos
572 3573 644 3624 niltil
660 3583 777 3644 praeter
794 3575 944 3627 verborum
964 3578 1118 3623 nouitatem
1137 3577 1280 3623 interesse.
1319 3570 1354 3622 Et
1377 3566 1467 3620 adhuc

145 3644 250 3698 clarius
278 3646 319 3699 De
341 3649 402 3702 Fin.
426 3648 472 3712 lV,
495 3651 541 3706 26.
586 3650 663 3719 Quid
685 3655 729 3702 ait
754 3650 925 3703 Aristoteles
951 3649 1100 3718 reliquique
1125 3646 1254 3699 Plutonis
1279 3644 1403 3695 alumni?
1436 3661 1466 3693 ss

143 3725 257 3783 omnia,
276 3741 346 3792 quae
364 3722 511 3776 secuudum
529 3732 662 3777 naturam
680 3733 760 3790 stent,
779 3725 853 3777 bona
872 3726 1030 3796 appellare:
1049 3742 1118 3794 qrtae
1133 3731 1226 3773 aretem
1245 3729 1361 3780 contra,
1381 3716 1467 3771 mala.

145 3795 271 3850 Videsne
289 3802 380 3864 igitur
399 3798 539 3850 Zenonem
557 3807 634 3851 tinem
652 3819 714 3852 cum
735 3803 870 3852 Aristone
890 3799 1027 3854 VERBIS
1048 3795 1297 3859 CONSISTERE,
1316 3792 1367 3845 RE
1382 3791 1469 3844 DIS-

144 3870 305 3923 SIDEltE:
327 3890 388 3923 cum
407 3874 563 3927 Aristotele
576 3883 604 3926 et
622 3876 681 3927 illis
699 3876 751 3927 RE
768 3874 1028 3940 CONSENTIRE,
1054 3874 1086 3928 V
1082 3873 1191 3952 Elidis
1209 3865 1468 3923 DISCltEPAltE?

704 4024 722 4060 tt
796 4061 813 4097 3
889 4027 907 4063 s

225 4163 303 4222 Adde
324 4165 358 4219 ad
380 4168 483 4227 Tusc.
501 4172 524 4226 Ι.
546 4172 578 4226 C.
598 4174 687 4227 xctt.
709 4190 770 4248 pag.
790 4179 855 4235 255.
874 4176 954 4229 huius
973 4170 1025 4227 Ed.

226 4243 260 4294 ln
279 4244 417 4316 prioribus
439 4251 511 4300 curis
533 4246 675 4302 adnotatio
696 4257 736 4303 sic
756 4266 813 4304 erat
833 4267 981 4323 concepta:

224 4317 301 4387 Quid
327 4319 374 4370 itte
399 4319 458 4371 dua:
483 4326 552 4392 ceu]
585 4325 661 4378 Male
682 4344 745 4380 reto
764 4358 784 4369 -
803 4357 822 4370 -
841 4330 979 4379 -erroris
1002 4315 1186 4375 insimuletur.
1235 4313 1271 4367 Et
1301 4328 1331 4367 tu
1359 4309 1469 4383 quidem

149 4396 211 4446 iure
233 4396 336 4446 merito
357 4393 446 4450 bonus
467 4397 530 4452 iilos
550 4403 641 4466 viros,
664 4406 711 4471 qui
734 4397 875 4454 I'r'andete
894 4408 989 4453 animo
1001 4395 1086 4468 forti
1105 4391 1290 4452 substituunt,
1315 4388 1370 4440 sibi
1389 4405 1470 4441 suunt

148 4466 253 4522 babere
295 4474 430 4525 ermittis:
458 4474 512 4525 hoc
532 4479 607 4527 euim
630 4476 672 4529 vei
695 4482 753 4549 ipsa
773 4492 883 4549 recepta
905 4479 1024 4530 lectione
1047 4486 1089 4526 est
1111 4469 1242 4539 ineptius.
1278 4462 1347 4516 Vide
1368 4479 1469 4528 autem,

148 4547 176 4596 si
195 4561 247 4597 nos
270 4487 342 4597 ibris
364 4545 467 4616 aliquid
488 4555 576 4622 magis
597 4556 666 4604 scite
683 4557 881 4624 excogitemus.
920 4555 1044 4606 Primum
1066 4543 1098 4596 de
1117 4544 1253 4597 sententia
1274 4537 1381 4591 abunde
1402 4554 1473 4593 con·

149 4633 206 4673 stat
226 4638 260 4672 ex
279 4619 340 4672 aliis
361 4622 520 4677 unctoribus
540 4644 623 4696 quum
644 4626 760 4681 Graecis
783 4646 842 4681 rum
863 4631 984 4693 Latinis,
1010 4638 1077 4693 quos
1097 4625 1155 4691 ipse
1175 4614 1208 4668 sd
1229 4630 1320 4689 partes
1338 4613 1471 4666 advocas:

151 4691 180 4747 id
202 4693 295 4748 solum
318 4701 422 4768 negotii
446 4715 548 4769 restat,
570 4716 599 4753 ut
627 4702 763 4755 eiusmodi
786 4703 869 4756 verbu
891 4703 1043 4757 sententiae
1067 4694 1246 4760 adaptentur,
1269 4704 1338 4761 quae
1359 4687 1392 4740 ad
1414 4687 1473 4740 vnl-

121 4765 129 4778 ‘
150 4783 245 4842 garam
269 4775 432 4843 scripturam
454 4792 537 4846 quam
560 4781 684 4848 proxime
706 4778 849 4832 accedant.
889 4779 964 4850 Quid
981 4778 1027 4827 ilie
1049 4772 1108 4822 dem
1132 4765 1269 4821 boni-ins
1291 4765 1378 4814 dicit?
1400 4767 1473 4818 Per-

151 4849 213 4912 gite
234 4850 329 4897 animo
343 4845 442 4917 forti,
467 4851 696 4905 Lacedaemonii:
718 4852 799 4905 ltotlie
820 4856 897 4926 npttd
918 4853 1028 4925 inseres
1040 4846 1175 4919 sortasse
1195 4840 1378 4894 coennhitnus.
1416 4838 1472 4890 Ubi

151 4918 222 4973 titud
243 4920 315 4972 dicit
338 4924 536 4996 interpolatum
562 4926 684 4999 videtur,
714 4946 740 4983 et
768 4949 800 4983 tx
823 4931 914 5001 glossa
943 4926 1105 5004 profectum.
1149 4916 1251 4977 Scribo
1274 4919 1374 4988 igitur,
1397 4910 1475 4984 Quid
