3384 5359
572 330 664 394 mn.
688 325 755 399 tv.
799 326 841 394 c.
862 323 915 392 se.
940 327 997 407 u.
1019 329 1077 401 u.
1304 364 1306 372 ι
1342 254 1349 287 x
1422 326 1484 393 us
1560 344 1580 419 g

145 470 416 555 exanimatusque
437 470 556 553 pendet
578 470 684 535 animi.
744 469 848 552 Quam
882 467 945 531 vim
979 468 1053 533 mali
1082 465 1315 555 significantes¹
1345 469 1481 553 poetae,

144 565 336 677 impendere
359 568 443 647 apud
463 564 585 631 inferos
607 586 717 628 saxum
740 565 878 719 Ταιιταὲο
899 563 1050 640 faciunt,

241 658 294 726 oi
314 661 446 722 seelera
466 657 640 744 animique
661 659 840 742 impotenti
866 679 899 719 m
920 668 955 721 et
976 656 1372 743 superbiloquentiam&

146 772 187 817 ea
215 750 393 824 communis
416 773 518 834 poena
540 752 691 816 stultitiae
714 753 796 816 esti.
842 750 1001 816 Omnibus
1023 750 1125 828 enim,
1158 750 1294 836 quorum
1317 773 1404 815 mens
1427 754 1485 815 ab?

147 848 267 910 horret
289 866 305 907 a
327 845 475 921 ratione,
513 866 640 929 semper
663 846 760 931 aliqui
780 846 879 937 talisi
899 858 1008 909 terror
1029 846 1200 927 impendet.
1244 846 1297 910 36.
1320 847 1428 929 Atque
1449 856 1486 909 nt

146 941 213 1009 hee
234 939 383 1003 tabificae
407 939 517 1002 mentis
539 942 798 1027 perturbationes
821 950 915 1017 sunt,
941 938 1168 1025 aegritudinem
1192 938 1264 1004 dieo
1291 952 1323 1003 et
1346 952 1483 1003 metum:

147 1035 197 1097 sic
218 1032 392 1097 hilariores
414 1033 504 1109 illae,
542 1035 697 1117 cupiditas
721 1030 811 1098 avide
834 1056 963 1117 semper
986 1033 1107 1117 aliquid
1129 1044 1300 1115 expetens,
1328 1028 1364 1097 ¹et
1385 1033 1485 1097 inanis

146 1129 318 1204 alacritas,
342 1129 374 1191 id
397 1141 445 1192 est
465 1129 585 1193 laetitia
610 1129 777 1214 gestiens,
794 1151 858 1194 non
882 1130 1011 1192 multum
1028 1128 1179 1191 differunt
1201 1130 1240 1190 ab
1253 1127 1405 1191 amentia.
1430 1129 1485 1192 Ex

150 1244 219 1309 quo
243 1223 450 1309 intelligitur,
474 1224 577 1310 qualis
599 1225 653 1287 ille
676 1222 735 1296 sit,
760 1242 856 1305 quem
877 1234 943 1286 tum
963 1224 1183 1296 moderatum,
1209 1221 1285 1284 alias
1307 1224 1483 1287 modestum

143 1326 181 1380 et
209 1328 460 1398 temperantem,
496 1316 572 1380 aliae
601 1326 798 1379 constantem
830 1315 1128 1400 continentemque⁵
1161 1315 1310 1390 dicimns;
1338 1336 1485 1379 nonnun-

149 1432 246 1498 quam
268 1413 349 1475 haec
371 1414 478 1476 eadem
500 1410 657 1476 docabnla
679 1412 719 1472 ad
739 1407 934 1497 frugalitatis
956 1429 1090 1486 nomen,
1120 1422 1281 1495 tamquam
1304 1412 1342 1471 ad
1365 1421 1481 1492 capnt,

148 1506 275 1570 referre
306 1506 466 1570 volumus.
526 1504 623 1586 Quod
651 1502 710 1566 nisi
739 1524 780 1567 eo
801 1502 931 1567 nomine
952 1501 1085 1566 virttues
1108 1504 1366 1581 continerentur,
1402 1525 1484 1567 nnn·
1562 1502 1573 1527 ’

151 1619 249 1684 mam
270 1595 316 1662 ita
337 1600 564 1685 pervulgatum
586 1579 687 1661 illudi
706 1608 808 1673 esset,
841 1607 876 1661 nt
892 1595 957 1659 'iam
979 1596 1148 1678 proverbii
1168 1597 1274 1683 locum
1298 1598 1478 1676 obtineret,

148 1692 326 1758 bominem
345 1691 463 1786 frugi
491 1692 609 1758 omnia
629 1690 744 1756 reete⁷
767 1688 915 1783 faeere.
975 1684 1074 1773 Qttod
1095 1692 1176 1755 idem
1199 1713 1296 1775 quum
1321 1691 1422 1755 Stoici
1445 1695 1484 1756 de

151 1786 296 1868 sapiente
320 1787 446 1866 dicunt,
471 1787 563 1852 nimis
586 1784 814 1849 admirabiliter
835 1783 992 1870 nimisque
1007 1785 1173 1871 magnifice
1196 1786 1302 1850 dicere
1322 1786 1484 1849 videntur.

243 1880 362 1947 XVII.
387 1882 440 1945 37.
485 1883 579 1967 Ergo
599 1881 628 1943 is
636 1880 661 1956 ⁸,
687 1877 829 1963 quisquis
853 1891 922 1955 est,
944 1879 1000 1964 qui
1021 1879 1247 1943 moderatione
1261 1892 1293 1943 et
1307 1880 1486 1944 constantia

149 1972 300 2059 quietns’
332 1974 437 2041 animo
470 1987 537 2052 est,
575 1974 698 2057 sibique
720 1972 788 2056 ips'e
809 1974 971 2056 placatus,
1006 1984 1042 2037 ut
1063 1996 1122 2037 nee
1142 1975 1288 2037 tabescat
1309 1973 1483 2049 molestiis,

152 2088 215 2133 nee
236 2067 409 2152 frangatur
430 2069 566 2143 timore,
589 2069 683 2131 nec¹⁰
705 2066 852 2131 sitienter
874 2066 951 2152 quid
973 2070 1159 2150 expetens¹¹
1182 2070 1290 2131 ardeat
1310 2067 1482 2142 desiderio,
1522 2100 1527 2105 ·

149 2182 213 2227 nec
235 2162 399 2226 alacritate
421 2161 507 2227 futili
529 2160 667 2251 gestiens
691 2160 905 2247 deliquescat,
946 2161 973 2224 is
996 2171 1044 2223 est
1065 2160 1209 2244 sapiens,
1239 2183 1333 2246 quem
1357 2160 1484 2247 quaeri·

147 2279 240 2335 anus,
263 2256 290 2321 is
313 2269 364 2321 est
384 2258 517 2320 beatus:
540 2255 593 2319 cui
614 2250 690 2318 nibil
713 2256 919 2317 humanarum
941 2274 1049 2318 remim
1072 2267 1125 2319 aut
1145 2256 1347 2320 intolerabile
1366 2258 1406 2318 ad
1427 2256 1485 2319 de·

148 2351 334 2417 mittendum
365 2349 518 2428 animum,
549 2360 602 2412 aut
630 2347 722 2411 nimis
743 2348 897 2423 laetabile
919 2351 959 2411 ad
980 2349 1212 2421 efferendum¹'
1237 2349 1338 2413 videri
1359 2360 1485 2433 potest.

59 2524 62 2525 7
151 2447 241 2528 Quid
262 2446 343 2510 enim
366 2443 511 2507 rideatur
533 2441 563 2533 ei
586 2460 732 2527 magnum
753 2438 786 2503 in
807 2441 906 2503 rebus
921 2442 1086 2517 humanis,
1112 2442 1164 2506 eui
1179 2442 1347 2506 aeternitas
1365 2441 1481 2520 omnis,

152 2539 319 2624 totiusque
340 2534 446 2600 mundi
470 2549 544 2600 nota
566 2535 607 2600 sit
629 2533 842 2620 magnitudo?
874 2535 956 2597 Nam
979 2535 1090 2620 quid¹³
1112 2546 1165 2598 aut
1186 2536 1219 2601 in
1241 2535 1351 2598 studiis
1372 2537 1486 2598 huma-¹

90 2672 96 2683 .
152 2631 226 2710 nis,
250 2645 306 2694 aut
326 2631 357 2695 in
379 2643 443 2694 tam
466 2630 585 2716 exigua
607 2618 767 2707 brevitate
790 2628 929 2703 vitae¹⁴,
963 2649 1108 2713 magnum
1132 2629 1266 2713 sapienti
1287 2628 1387 2692 videri
1408 2639 1485 2712 pot·

151 2737 219 2803 est,
257 2726 311 2811 qui
338 2745 465 2807 semper
493 2726 598 2787 animo
627 2722 673 2786 sic
703 2722 861 2797 excubat,
899 2732 934 2784 ut
956 2721 985 2784 ei
1005 2721 1084 2786 nibil
1108 2721 1317 2806 improvisum
1342 2724 1486 2788 accidere

150 2817 279 2903 possit,
314 2817 391 2881 nihil
420 2816 633 2900 inopinatum,
672 2813 750 2877 nihil
780 2812 910 2879 omnino
938 2815 1084 2879 novum?
1129 2817 1184 2879 38.
1208 2817 1315 2903 Atque
1337 2821 1418 2882 idem
1440 2819 1484 2882 ita

149 2913 295 2976 aerem¹⁶
324 2912 358 2975 in
388 2932 497 2976 omnes
524 2921 632 3007 partes
659 2908 755 2972 aciem
779 2907 928 2985 intendit,
968 2920 1002 2972 ut
1022 2930 1148 2994 semper
1170 2911 1274 2975 videat
1294 2915 1400 2976 sedem
1422 2911 1485 2977 sibi

226 3182 266 3258 (ι)
291 3212 330 3227 -
352 3160 457 3265 affl.
483 3185 553 3237 matt
578 3184 781 3239 persecut.
807 3190 878 3253 <non
904 3184 952 3257 v.)
980 3185 1075 3242 remo
1095 3203 1178 3242 ante:
1198 3214 1234 3235 -.
1253 3207 1332 3260 ,mm
1351 3191 1381 3244 n.
1402 3195 1485 3253 aa.

149 3277 205 3314 err.
237 3276 345 3333 typogr.
396 3259 435 3334 (ἲ)
462 3260 571 3313 Tenere
597 3266 726 3332 prosaico
750 3260 820 3316 Edd.
841 3276 908 3315 ante
927 3264 963 3316 D.
1006 3262 1079 3315 Item
1101 3273 1126 3321 1.
1177 3260 1216 3338 (³)
1235 3282 1273 3319 =
1291 3275 1337 3318 est
1353 3270 1432 3322 stult.
1451 3260 1487 3327 P.

149 3336 190 3403 (⁴)
211 3336 258 3389 Sic
278 3335 309 3390 V.
331 3336 360 3389 L.
383 3340 413 3388 in
433 3353 471 3389 m.
493 3340 575 3395 1584.
597 3334 624 3410 (e
645 3341 767 3408 vestigiis
789 3334 860 3391 Cdd.
881 3357 907 3390 v.
926 3353 951 3390 c.
973 3335 1040 3390 Gn:
1066 3367 1101 3380 -
1128 3340 1230 3411 aliptae
1248 3342 1313 3393 aliis
1332 3352 1426 3397 terror
1450 3346 1485 3420 i.)

146 3410 237 3483 aliqui
256 3415 426 3484 seripserunt
446 3428 512 3464 eum
532 3415 588 3464 lac.
609 3412 753 3467 Gronovio
772 3410 853 3494 BW,
872 3417 899 3467 2.
919 3430 958 3465 .-.
976 3412 1079 3483 aliquis
1099 3413 1200 3469 Ceteri.
1220 3416 1311 3472 Gebb.
1329 3420 1364 3472 D.
1387 3429 1412 3478 1.
1431 3424 1485 3479 W.
1546 3464 1548 3469 ,

150 3493 178 3541 2.
197 3502 236 3540 oo
255 3503 362 3558 semper
386 3487 505 3556 aliqum,
539 3486 606 3537 aliis
631 3486 728 3553 dolor,
761 3487 827 3538 aliis
852 3495 947 3539 terror
973 3491 992 3540 i.
1016 3486 1197 3543 PBSECML.
1218 3494 1300 3550 1566.
1320 3523 1358 3536 —-
1376 3514 1484 3570 semper

145 3561 276 3634 eumad,
305 3563 370 3613 aliis
395 3563 495 3627 dolor,
528 3564 596 3616 aitis
619 3568 752 3616 terrori.
773 3561 842 3615 Cdd.
863 3563 928 3635 aliq.
948 3568 981 3617 A.
1002 3562 1069 3618 Lali.
1089 3578 1127 3617 aa
1145 3582 1252 3636 semper
1271 3570 1370 3641 aliquis
1389 3579 1485 3629 terror

150 3638 215 3693 Col.
236 3666 272 3681 -
290 3637 398 3711 aliptad
415 3639 484 3690 tatis
503 3637 530 3691 b.
583 3636 620 3712 (⁵)
646 3639 680 3691 ln
706 3639 760 3691 hae
785 3654 1005 3711 synonymorum
1025 3645 1235 3695 coacervatione
1254 3647 1382 3700 eonsmto
1401 3647 1448 3700 bie
1467 3664 1484 3700 a

125 3714 245 3769 *Tullio
271 3711 346 3769 laeta
370 3713 436 3768 ierri
466 3731 546 3788 posse
570 3713 680 3767 videtur
705 3722 765 3765 tum
783 3743 803 3755 -
822 3744 841 3755 -
860 3715 953 3779 alias,
986 3713 1059 3784 quod
1087 3733 1120 3767 ex
1139 3717 1167 3770 h.
1187 3716 1206 3770 l.
1226 3732 1378 3791 agnoscunt
1398 3728 1485 3776 etiam

150 3788 298 3844 uertente.
330 3809 356 3863 p.
384 3795 466 3849 1031.
495 3788 546 3844 na
576 3794 659 3848 1751.
687 3804 714 3842 e.
742 3788 898 3842 ismenem
925 3808 951 3860 p.
972 3792 1036 3845 511.
1076 3789 1115 3843 ut
1134 3809 1200 3860 noe,
1226 3778 1254 3846 i.
1276 3796 1483 3852 tssncvus.

149 3863 221 3918 Lali.
241 3864 355 3939 Bipont.
374 3895 412 3907 -
431 3883 488 3919 om.
508 3874 537 3918 et
557 3879 621 3918 ante
641 3874 755 3935 temper.
776 3861 846 3917 Cdd.
867 3864 932 3936 aliq.
954 3863 984 3916 P.
1005 3862 1096 3918 Gebh.
1118 3867 1151 3919 D.
1176 3877 1199 3924 t.
1221 3877 1335 3921 -tam
1349 3866 1494 3924 madero-⁴

147 3952 211 3996 tran
230 3940 317 4013 [alias
334 3939 504 4012 modestam]
523 3950 583 3993 tima
602 3948 823 4013 temperantem,
841 3940 917 3991 alias
935 3947 1111 3991 constantem
1129 3948 1366 4016 continentemque
1385 3946 1412 4001 d.
1432 3952 1487 4009 W,
1540 3941 1542 3944 ⁴

153 4022 227 4084 (tam
247 4028 310 4070 ente
331 4025 414 4087 temp.
435 4030 449 4069 e
469 4014 498 4072 Ε.
519 4015 583 4090 est.)
601 4046 640 4059 -
659 4024 718 4069 tum
737 4015 928 4081 moderatam,
949 4021 1010 4065 tam
1029 4022 1230 4086 temperantem
1248 4028 1485 4097 continentemque

150 4091 179 4144 d.
199 4090 233 4145 de
253 4095 288 4146 D.
307 4108 382 4165 susp.
404 4091 469 4144 seh.
491 4097 517 4146 2.
538 4098 639 4145 misere
659 4093 686 4145 b.
707 4091 726 4148 l.
748 4106 898 4157 truncant,
933 4095 961 4142 in
990 4108 1044 4160 qno
1070 4090 1145 4143 nulla
1166 4101 1282 4149 omnino
1303 4102 1391 4153 inesse
1410 4100 1485 4174 glot-

151 4182 274 4230 semata,
307 4183 405 4231 recte,
438 4171 462 4221 tl
488 4164 555 4238 quid
575 4165 678 4233 video,
711 4165 842 4219 iudicavit
866 4166 1014 4238 Wopkens
1035 4185 1061 4240 p.
1081 4171 1130 4227 93.
1179 4167 1216 4236 (⁶)
1236 4172 1283 4224 Sic
1304 4172 1485 4232 R.b.'SED.

151 4242 222 4297 Leti.
251 4242 303 4300 W·
334 4249 361 4298 2.
389 4262 428 4297 =
456 4240 527 4294 illud
551 4246 594 4293 ita
621 4242 823 4312 pervtdgatum
846 4241 1008 4297 PABCML.
1037 4258 1075 4297 oo
1104 4249 1146 4295 ita
1168 4264 1222 4315 per
1248 4247 1320 4299 illud
1335 4252 1485 4321 mitigatum

149 4320 240 4373 Vatia.
275 4317 398 4371 Gronov.
418 4315 470 4372 Ed.
492 4321 576 4377 1692.
599 4328 623 4377 1.
646 4314 774 4371 Defendit
794 4318 892 4373 Garat.
912 4314 953 4368 ad
971 4318 1140 4371 Sentianum
1160 4338 1188 4392 p·
1210 4327 1273 4381 129.
1313 4324 1366 4377 Sed
1387 4334 1484 4382 tmesis

150 4398 205 4449 ista
232 4390 341 4446 ridetur
367 4394 470 4447 babere
498 4393 592 4446 locum
617 4391 760 4447 dumtaxat
787 4398 816 4446 in
842 4391 962 4446 talibus:
991 4412 1044 4464 per
1064 4394 1131 4446 nula
1150 4402 1251 4449 scitttm
1270 4398 1403 4465 videtur,
1431 4421 1486 4474 per

148 4467 218 4522 milti
231 4477 349 4538 gratum
361 4468 481 4533 accidit,
501 4473 645 4543 coaptem
667 4473 696 4521 ln
716 4471 873 4543 participiis
893 4473 1072 4540 compositis:
1094 4471 1299 4542 pervulgatus,
1329 4488 1485 4545 permotus,

142 4549 320 4692 ΨΨ
339 4543 526 4672 “inuia
547 4544 678 4689 esti·
699 4541 875 4690 ,tini
897 4546 1159 4692 ΨΨΨΨ

140 4692 202 4769 (¹¹)
222 4695 269 4748 Sic
290 4699 320 4748 it.
341 4702 515 4769 (expectens)
536 4695 586 4749 Cr.
608 4696 639 4749 V.
661 4694 751 4748 Gebh.
773 4694 854 4766 Seqq.
874 4722 911 4736 ·-
931 4704 1064 4767 appetens
1083 4697 1243 4751 PABCML.
1271 4645 1345 4772 (ΙΨ)
1372 4730 1410 4743 --
1425 4702 1486 4773 fi.
1556 4710 1558 4723 ¹

151 4769 268 4821 rendam
287 4773 319 4824 it.
339 4772 372 4827 V.
422 4769 476 4846 (1³)
501 4800 540 4813 -
565 4769 710 4840 Numquid
728 4770 820 4835 le.,
850 4783 880 4821 ut
900 4768 1009 4823 volebat
1029 4771 1119 4824 Bentl.
1140 4802 1177 4815 -
1197 4772 1336 4843 Quidnam
1354 4774 1389 4828 D.
1409 4794 1483 4855 susp.

150 4859 190 4897 eo
210 4845 273 4896 lam
291 4845 409 4916 quidde
428 4847 521 4902 Bouh.
542 4840 617 4918 stiip.
638 4847 704 4900 Sela.
724 4850 751 4901 2.
791 4844 840 4913 (⁴⁴)
860 4868 897 4906 ,τ
915 4850 992 4896 vitae
1013 4846 1091 4905 brev.
1112 4847 1341 4904 PansECVML.
1381 4849 1484 4923 (15),-

148 4925 322 4973 oeerrimam
342 4922 414 4978 021.
435 4921 513 4977 leid.
533 4921 614 4996 prob.
635 4922 724 4975 Βοιὼ.
1141 4933 1143 4937 ’
