3384 5359
168 366 173 375 J
231 288 292 353 tot
407 344 412 352 .
669 290 878 357 reunion
901 244 1110 357 inuo‘rr.

305 434 329 501 4.
350 436 396 491 42.
423 437 449 485 ιι
466 439 559 484 autent
578 430 703 504 animia]
729 412 1459 506 HunelocumAdu'l'nrnebuseaplicatbib.10.
1496 429 1562 487 Ad-

264 525 331 563 reat.
351 512 383 562 C.
442 545 450 559 .

230 528 262 568 te
306 587 330 651 p.
344 588 389 642 45.
405 511 516 633 biretis
527 599 578 633 cur
589 581 637 653 ιο]
655 580 780 649 accedit,
799 590 831 633 ut
848 599 881 634 eo
893 580 1017 653 facilius
1035 597 1077 636 est
1095 586 1125 634 iu
1143 580 1223 634 libris
1241 579 1357 652 vulgatis
1371 597 1398 635 ιι
1411 561 1562 637 manuscr.

225 706 227 716 „
306 662 330 727 5.
350 663 397 716 45.
416 662 559 728 patritam
583 658 662 709 illam
687 665 717 709 et
741 661 863 727 avitam]
895 664 1038 729 petritum
1065 655 1137 722 dici,
1165 672 1195 710 ut
1224 662 1334 709 avitum
1360 658 1469 712 Nouius
1498 659 1561 711 hou
1654 686 1655 715 ι

231 736 374 788 Ciceronis
394 746 422 785 et
441 730 546 785 duobus
567 736 698 787 Varronis
718 731 788 786 locis
815 733 925 805 probat.
969 731 1094 789 Secunda
1119 749 1230 805 quoque
1248 732 1365 784 Verrius
1382 735 1415 791 C.
1432 739 1460 793 5.
1486 732 1562 786 libri
1654 718 1655 777 ἶ

231 806 464 880 quidnmltabeut
484 808 562 859 nulla
580 824 627 858 res
645 812 803 878 cuiusquam
822 816 882 860 tam
898 813 1011 879 patrita
1030 817 1112 879 atque
1131 815 1214 859 avita
1225 805 1301 878 fuit.
1654 800 1655 811 ¹

309 881 399 937 Ibid.
428 886 529 951 Argo,
556 887 621 953 prtia
639 886 758 952 Argivi]
784 885 886 936 Versus
905 884 989 936 Et'tuii
1010 898 1074 938 sunt
1099 901 1133 936 ex
1150 882 1266 948 Medea,
1290 887 1338 953 qui
1363 879 1564 954 apud‘Corui-
1654 908 1655 919 ι

233 958 328 1011 ficium
357 957 414 1012 tib.
434 962 462 1011 2.
486 957 527 1009 ad
549 959 735 1026 Herennium,
762 973 790 1012 et
816 961 952 1021 Priscian.
978 958 1012 1010 de
1037 964 1137 1012 metris
1160 962 1272 1012 comicis
1296 956 1338 1031 (p.
1358 960 1422 1017 410.
1441 956 1560 1030 Krete.)

233 1038 274 1093 ita
291 1034 318 1089 ie
339 1049 434 1086 untur:

319 1052 335 1107 g
382 1110 484 1175 Argo,
504 1125 558 1176 qua
576 1111 652 1158 vecti
670 1109 779 1175 Argiui
796 1106 892 1158 dilecti
908 1112 968 1160 oiri

384 1181 521 1234 Petebant
539 1182 619 1233 ittam
634 1183 734 1252 pellem
753 1187 918 1234 inauratam
936 1188 1045 1238 arietis.

235 1262 303 1319 Vtri
327 1257 437 1323 dilecti,
466 1272 497 1311 ιιι
522 1271 564 1310 ιιι
590 1257 638 1309 bic
663 1263 693 1309 iu
717 1262 923 1330 manuscripto,
951 1274 979 1313 ct
999 1259 1065 1313 alibi
1084 1261 1198 1332 passim.
1241 1254 1370 1332 Euripidi
1389 1256 1455 1334 (sie)
1474 1274 1554 1313 sunt:
1654 1244 1655 1315 f

228 1334 327 1417 χέρας
345 1330 466 1411 ἀνδρῶν
485 1329 636 1407 ἀρίστων,
656 1333 691 1390 o‘i
704 1329 740 1389 τὸ
757 1332 938 1409 πάγχρυσον
956 1331 1043 1414 δέρος
1059 1332 1153 1406 Πελίᾳ
1171 1334 1336 1410 μετῆλθον.
1654 1344 1655 1401 f

187 1458 191 1465 .
307 1410 392 1477 §.²16-
411 1406 770 1476 nidemomnuoutudex]
790 1410 824 1461 ln
842 1407 915 1462 libro
935 1424 988 1463 vet.
1008 1409 1125 1482 legitur:
1144 1414 1218 1462 etis
1235 1413 1356 1461 omnium
1373 1409 1460 1461 uades:
1477 1410 1558 1462 robes
1654 1410 1655 1457 ἶ

232 1492 324 1549 ιιιιι,
343 1499 424 1555 atque
444 1486 483 1536 ita
503 1479 664 1537 Cratander.
1654 1492 1655 1497 ’

310 1560 333 1626 §.
353 1540 398 1616 4‘7,
424 1575 588 1629 quamquam
598 1554 752 1628 foramina
770 1557 833 1626 illa]
860 1560 933 1613 Citat
952 1558 1028 1611 bunc
1046 1558 1139 1611 locum
1153 1559 1276 1621 Nouius.
1295 1556 1343 1611 ubi
1364 1557 1446 1612 docet
1457 1556 1556 1629 sora-

234 1641 313 1693 mina
332 1637 410 1706 quasi
430 1632 599 1686 deminutiee
618 1629 843 1702 ascriberetur
869 1631 956 1689 dicta.
1002 1633 1099 1688 Paullo
1124 1649 1188 1708 post
1214 1639 1245 1687 iu
1269 1634 1341 1687 libro
1366 1639 1472 1707 scripto
1498 1649 1556 1688 este

233 1727 318 1787 quam
338 1709 442 1775 metita,
461 1727 542 1779 quam
559 1713 661 1772 varia,
681 1716 788 1779 quanta
806 1709 975 1779 spectacula.
1654 1750 1655 1771 ,

310 1785 334 1850 ξ,
355 1789 400 1844 48.
428 1782 599 1835 Adseruntt'a
624 1784 737 1852 templa]
769 1783 812 1835 M.
837 1785 925 1836 Varro
950 1781 1012 1836 Lib.
1038 1785 1067 1843 6.
1092 1783 1127 1835 de
1154 1784 1254 1851 lingua
1279 1781 1387 1837 Latina
1412 1802 1446 1837 ex
1470 1784 1557 1838 Ennii

235 1858 431 1920 Andromacha
450 1863 519 1911 citat
538 1855 695 1908 Acherusia
714 1859 817 1929 templa
836 1859 899 1910 alta
919 1858 987 1915 Orci
1005 1861 1111 1910 salvete
1130 1857 1238 1930 infera.
1279 1912 1282 1917 .

139 1926 141 1935 ’
311 1937 335 2003 5.
355 1938 399 1992 51.
427 1942 569 2002 tamquam
588 1933 697 1983 alienae
716 1932 802 2002 domi]
835 1934 891 1988 Alii
910 1934 975 1987 libri
995 1938 1122 2007 imprimi
1142 1934 1199 1986 lere
1218 1951 1315 1987 omnes
1334 1933 1444 1988 alienae
1463 1934 1558 1987 domui

235 2008 355 2075 babent,
381 2006 454 2079 qnod
478 2008 544 2060 libri
570 2011 669 2079 scripti
697 2014 864 2063 auctoritate
889 2008 1094 2083 comprobatur.
1145 2008 1192 2061 Sic
1211 2009 1261 2065 lib.
1280 2016 1308 2070 5.
1334 2008 1368 2061 de
1387 2006 1508 2082 Officiis
1527 2015 1557 2064 in

226 2091 350 2141 'uetustis
364 2082 508 2138 codicibus
520 2081 575 2155 legi
588 2100 647 2134 esse
659 2082 753 2135 domui
765 2101 832 2135 suae
844 2103 907 2136 cum
918 2100 1023 2153 uxore,
1042 2102 1104 2136 cum
1122 2084 1218 2135 liberis
1230 2086 1348 2158 Langlus
1362 2099 1389 2137 et
1404 2084 1556 2140 Lambinus

236 2176 383 2219 testantur.
421 2159 546 2233 Scriptus
567 2176 674 2229 quoque
693 2158 775 2230 legit:
794 2165 876 2231 quasi
894 2160 1004 2211 domum
1022 2178 1119 2225 ettam,
1141 2159 1242 2230 absque
1261 2162 1468 2233 praepositione
1486 2167 1527 2213 in.

312 2239 336 2305 §.
357 2241 401 2293 52.
427 2234 478 2287 boc
497 2241 553 2303 est,
578 2252 608 2285 ιι
627 2239 716 2305 iprum
731 2252 814 2306 porse
832 2238 1011 2303 cognoscere]
1039 2235 1114 2287 Haec
1133 2235 1284 2289 Lambinus
1304 2234 1420 2288 stellulis
1439 2240 1556 2304 notarit,

235 2311 309 2386 quod
330 2310 473 2367 rideantur
490 2327 548 2363 non
567 2326 626 2362 esse
646 2309 800 2363 Ciceronis.
839 2312 983 2364 Manutius
1002 2308 1123 2382 glossam
1142 2315 1270 2383 opinatus
1291 2308 1398 2363 delevit.
1443 2312 1479 2363 lu
1499 2327 1557 2364 tna-

235 2393 380 2460 nuscripto
399 2403 463 2439 cum
483 2382 710 2457 praecedentibus
730 2389 773 2438 sic
799 2390 965 2458 iunguntur:
993 2393 1026 2437 ut
1045 2375 1181 2438 tribubum
1199 2385 1251 2437 deo
1269 2391 1309 2437 ιιι
1326 2384 1377 2437 ltoc
1394 2390 1501 2457 ipstun,
1525 2404 1556 2439 se

233 2481 316 2536 posse
335 2479 512 2529 cognoscere.

312 2539 337 2606 §.
357 2543 402 2597 55.
422 2555 458 2587 ex
477 2554 530 2606 qtto
548 2535 598 2586 illa
616 2540 692 2587 ratio
711 2543 783 2587 nata
801 2538 856 2603 est]
881 2534 914 2587 ln
934 2541 1123 2609 manuscripto
1140 2535 1256 2608 legitur:
1274 2553 1382 2605 sequa
1400 2534 1450 2586 itta
1468 2541 1556 2588 ratio-

236 2618 343 2665 cinatio
361 2620 404 2663 ιιι
421 2612 558 2664 Platonis.
596 2608 666 2662 Cum
685 2610 809 2664 Platonis
829 2608 920 2664 verbis
940 2612 982 2665 M.
1004 2613 1140 2665 Antonius
1159 2612 1285 2664 Muretus
1306 2610 1450 2664 Ciceronis
1470 2616 1554 2666 inter·

237 2693 424 2765 pretationem
444 2700 571 2740 accurate
590 2683 698 2738 confert
718 2688 785 2756 Cap.
805 2690 832 2744 5.
852 2686 914 2738 Lib.
934 2695 961 2747 8.
982 2687 1054 2742 Var.
1073 2686 1163 2740 Lecti.
1584 2738 1591 2745 ,
1622 2672 1633 2685 ’

317 2765 340 2829 β.
361 2765 408 2819 54.
432 2779 482 2813 nec
501 2766 574 2812 enim
591 2768 665 2811 esset
683 2761 715 2812 id
728 2764 907 2834 principium]
934 2764 975 2815 Ex
994 2762 1046 2814 bac
1066 2765 1294 2835 interpretatione
1319 2774 1449 2834 apparet,
1476 2761 1555 2814 Cice·

239 2855 337 2897 tonent
357 2834 430 2908 apud
450 2836 592 2891 Platonem
609 2834 722 2905 legisse:
754 2843 782 2892 tt
804 2832 865 2914 γὰρ
892 2831 928 2895 ἔκ
952 2856 1009 2895 tou
1034 2834 1118 2916 ἁρχὴ
1145 2836 1294 2914 γίγνοιτο,
1325 2836 1382 2893 ot'nt
1407 2830 1449 2894 ἄν
1474 2832 1553 2917 ἁρχὴ

237 2915 389 2993 ptyuocro:
408 2910 480 2985 quod
500 2912 613 2964 Mureto
631 2915 721 2964 verius
740 2908 857 2964 videtur.

316 2985 405 3042 Ibid.
431 2988 481 3038 vel
496 2985 645 3039 concidant
663 3003 742 3037 omne
761 2985 878 3054 ceeltcm]
913 2988 991 3056 Quae
1010 2983 1162 3039 Lambinus
1181 2984 1229 3038 hie
1248 3001 1362 3038 numero
1381 2983 1497 3056 plurali,
1524 2998 1554 3037 ea

240 3063 373 3136 singulari
401 3060 488 3116 edidit
506 3062 566 3114 Lib.
587 3063 615 3119 6.
640 3059 674 3112 de
693 3060 777 3133 lup„
803 3065 896 3133 itaque
922 3079 973 3133 ego
1000 3065 1030 3114 in
1055 3076 1192 3114 manuscr.
1211 3060 1291 3113 libris
1311 3064 1431 3114 invenio.
1468 3058 1553 3133 Vulgo

241 3155 334 3193 autem
353 3142 493 3208 omnisqtoe
511 3145 618 3188 natura
636 3135 766 3189 mendose
785 3135 811 3188 le
832 3140 858 3201 i,
884 3151 912 3190 et
936 3136 1080 3201 voculam,
1104 3144 1148 3199 et,
1174 3136 1246 3188 male
1266 3139 1359 3188 omitti
1380 3140 1554 3208 cognoscitur

240 3234 273 3267 ex
292 3215 422 3279 Platone,
442 3211 512 3286 apud
533 3227 614 3284 quem
633 3209 786 3264 seeundum
805 3155 875 3262 tbud
893 3214 1003 3287 στῆναι
1023 3209 1169 3264 delendum
1186 3229 1245 3264 esse
1257 3212 1384 3264 Muretus
1398 3210 1552 3264 arbitratur.

240 3290 317 3347 Idem
336 3304 456 3341 veterem
475 3291 641 3361 scripturam
661 3303 720 3339 esse
740 3300 871 3340 testatur:
899 3305 948 3338 nec
972 3291 1031 3338 uim
1054 3288 1138 3339 uttam
1164 3292 1360 3352 nanciscatur,
1388 3304 1460 3357 qua,
1488 3293 1519 3336 ut
1535 3301 1554 3335 a

237 3370 346 3441 primo,
364 3365 483 3436 impulsa
501 3370 665 3422 moveatur:
684 3377 728 3428 et,
746 3366 813 3434 quin
833 3376 866 3415 eu
884 3378 947 3415 vera
967 3367 1021 3427 sit,
1039 3380 1096 3415 non
1116 3360 1233 3416 dubitat.

316 3436 404 3492 Ibid.
431 3458 512 3509 quum
527 3446 632 3510 parcat
649 3441 752 3507 igitur]
774 3444 880 3509 pareat
898 3452 949 3510 pro
965 3445 1066 3509 pateat
1084 3452 1158 3491 recte
1178 3437 1326 3491 Lambinus
1345 3437 1394 3490 hic
1412 3451 1442 3490 et
1455 3434 1553 3494 Libe.

123 3565 127 3576 ,
241 3514 274 3565 cie
292 3512 358 3588 Itep.
378 3510 473 3567 edidit.
517 3514 604 3565 Paret
622 3530 673 3586 pro
692 3520 810 3584 apparet
829 3513 927 3566 Cicero
945 3514 1069 3586 pluribus
1088 3511 1159 3565 locis
1178 3517 1335 3585 usurparit,
1362 3517 1408 3584 qui
1428 3510 1551 3564 inlibris

158 3586 161 3590 ’
240 3588 358 3662 vulgatis
384 3590 423 3639 ita
448 3602 512 3640 sunt
537 3588 694 3661 depravati,
723 3603 754 3640 ut
783 3588 837 3641 hoc
862 3587 975 3641 verbum
1002 3589 1215 3641 Ciceronianam
1240 3605 1299 3641 cese
1325 3585 1381 3640 iere
1405 3593 1551 3659 ignoretur.
1654 3646 1655 3659 ,

240 3664 336 3717 Habeo
360 3661 461 3715 librum
486 3666 710 3734 antiquissimum
735 3662 904 3735 eundemque
930 3668 1066 3736 optimum
1092 3663 1198 3732 aliquot
1223 3668 1381 3716 orationum
1398 3662 1551 3715 Ciceronis:

241 3744 270 3793 in
299 3756 332 3791 eo
362 3737 439 3791 locus
467 3736 513 3789 ille
539 3738 711 3792 Milonianae
741 3743 782 3790 sic
809 3754 849 3791 cst
875 3737 1042 3810 descriptus:
1074 3737 1151 3807 Quid
1172 3756 1260 3810 porro
1285 3737 1470 3808 qrcaerendum
1494 3736 1552 3787 esti

233 3815 387 3893 jactumne
405 3812 465 3864 sit?
489 3815 531 3863 At
549 3822 669 3865 constat.
708 3815 738 3866 A
755 3815 828 3885 quo?
858 3816 898 3864 Ar
913 3821 1007 3884 paret.
1051 3815 1196 3867 Praeterea
1221 3818 1251 3867 in
1277 3818 1383 3887 optimo
1407 3811 1551 3884 exemplari

241 3891 356 3945 duarum
377 3891 552 3945 verrinarum
571 3886 689 3940 formula
710 3888 755 3941 illa
776 3887 941 3942 iudiciorum
959 3894 985 3939 si
1000 3896 1100 3961 paret,
1126 3905 1195 3959 quae
1219 3888 1300 3961 vulgo
1319 3894 1393 3941 varie
1412 3886 1551 3959 depravata

241 3980 299 4029 eet,
327 3962 471 4018 emendate
496 3963 610 4035 legitur:
643 3978 675 4016 nt
700 3964 815 4017 Vestina
840 3967 867 4021 4.
912 3964 943 4016 Si
967 3964 1097 4015 iudicium
1122 3969 1163 4015 sit
1186 3963 1335 4016 eittsmodi:
1363 3964 1396 4016 L.
1422 3961 1552 4014 Octauius

241 4040 327 4092 iudex
351 4048 421 4095 esto.
465 4039 497 4090 Si
518 4047 602 4109 paret
618 4054 620 4057 ·
624 4037 748 4107 fundum
767 4040 936 4109 Capenatem
961 4039 994 4107 Q.
1014 4040 1053 4092 D.
1073 4039 1110 4093 A.
1136 4056 1173 4091 ea
1199 4045 1259 4091 iure
1277 4040 1416 4108 Quiritum
1436 4037 1468 4092 P.
1487 4038 1551 4089 Ser-

240 4115 303 4166 uilii
322 4132 390 4173 esse,
429 4115 545 4165 Verrina
563 4117 590 4172 5.
628 4115 727 4167 Dabat
745 4119 799 4165 iste
816 4113 966 4165 ittdicium:
994 4114 1026 4166 Si
1047 4123 1134 4186 paret
1157 4118 1260 4184 iugera
1284 4120 1345 4166 eius
1359 4111 1453 4185 fluidi
1473 4113 1551 4183 plura

240 4207 316 4252 ιιιι,
343 4206 426 4259 priam
445 4189 557 4240 colantes
574 4197 646 4239 esset
662 4185 825 4261 profesnts,
851 4197 910 4240 tum
930 4194 971 4241 uti
990 4189 1072 4241 Xeno
1093 4189 1293 4242 damnaretur:
1318 4206 1347 4244 et
1367 4188 1460 4261 paullo
1481 4202 1550 4259 post:

240 4264 436 4335 Quaerebant,
456 4282 525 4336 qnae
543 4269 574 4315 in
591 4264 679 4315 verba
698 4268 914 4335 recuperatores
927 4264 1044 4324 darent;
1062 4264 1262 4336 resporulebat:
1281 4265 1312 4316 Si
1325 4271 1410 4337 paret
1422 4263 1550 4315 aduersus

242 4340 361 4391 ediettcm
380 4338 499 4410 secisse.
547 4338 683 4393 Similiter
711 4343 739 4391 in
758 4339 912 4391 'pandectis
938 4340 1105 4392 Florentinis
1126 4342 1156 4395 L.
1178 4344 1242 4399 179.
1269 4355 1298 4393 et
1325 4344 1387 4400 195.
1417 4339 1451 4390 de
1478 4336 1548 4392 ueri.

240 4412 365 4487 stgntfic,
385 4418 498 4487 legitur:
519 4416 626 4483 Quanti
643 4433 705 4465 eam
724 4431 783 4465 rem
801 4422 969 4486 streperet.

320 4486 408 4544 ibid.
433 4490 507 4561 qrcnd
524 4499 618 4543 autem
636 4498 679 4541 est
698 4493 863 4558 animatum]
891 4490 924 4543 ln
943 4494 1132 4563 manuscripto
1150 4505 1210 4542 est:
1226 4486 1300 4561 qrtod
1317 4497 1412 4540 autem
1431 4495 1474 4539 ιιι
1492 4492 1550 4538 arti·

241 4566 314 4631 mat,
341 4564 532 4638 quomodoea
551 4564 612 4623 Lib.
631 4568 658 4625 6.
678 4564 712 4616 de
729 4565 796 4637 Rep.
816 4564 965 4621 Lambinus
985 4563 1081 4618 edidit.
1119 4565 1205 4618 Libro
1224 4570 1309 4617 etiam
1327 4571 1356 4620 2.
1375 4563 1410 4614 de
1429 4561 1548 4634 Officiis,

241 4660 310 4713 puae
326 4632 368 4693 iud
383 4638 631 4693 uttam'homt'num
650 4641 782 4692 tuendam
797 4645 957 4711 pertinent,
977 4640 1160 4707 divicittntur,
1180 4644 1329 4711 tripartita
1343 4643 1404 4690 sint
1422 4643 1547 4702 inanima,

238 4722 346 4789 partim
358 4717 504 4774 animalia.
542 4715 659 4768 Statim:
678 4715 747 4767 ltaec
759 4725 804 4767 est
811 4719 931 4787 propria
943 4724 1050 4769 natura
1061 4721 1164 4780 animi,
1185 4734 1219 4767 ιι
1231 4713 1344 4768 veterib.
1358 4711 1447 4769 Codd.
1461 4712 1547 4785 probo.

316 4794 340 4861 §.
359 4793 405 4851 56.
431 4808 498 4845 nam
514 4794 695 4858 sanguinem,
715 4791 809 4865 bilem]
835 4788 950 4846 Videtur
968 4789 1129 4863 legendum,
1148 4795 1187 4843 alt
1207 4791 1373 4843 Lambinus:
1401 4806 1468 4840 nam
1486 4804 1548 4839 sen-

240 4872 320 4936 guis,
339 4866 418 4932 bilis,
435 4870 558 4936 pituita,
578 4883 661 4932 ossa,
681 4872 773 4932 nervi,
792 4883 889 4935 uenae,
908 4870 999 4923 omnis
1018 4865 1134 4937 denique.
1151 4882 1215 4933 ceu,
1236 4869 1290 4919 uisi
1310 4868 1371 4937 quit
1391 4861 1475 4933 ditat,
1492 4877 1547 4916 suu
