3384 5359
226 286 309 389 ror
650 289 878 388 nnnrnnu
901 286 1115 388 urrunnu.
1144 358 1182 409 3

298 466 400 519 *Can
420 465 478 519 xL.
505 462 631 534 Verepne
649 467 691 530 ei,
712 468 759 534 qui
778 478 915 515 venenssm
931 463 1109 537 praebuerat,
1133 466 1252 516 nortem
1269 469 1313 517 est
1329 482 1392 519 sam
1408 480 1545 532 augrtra·

224 542 280 608 tus]
308 540 355 593 Sic
376 539 526 599 editiones:
551 542 625 611 atqui
643 556 699 592 non
715 540 817 592 Critias
837 556 972 592 vencnum
990 539 1157 592 Therameni
1174 539 1318 620 praebpit,
1340 538 1390 593 sed
1409 536 1544 591 carnifex.

227 618 322 670 Nostri
333 632 455 682 omnes,
482 614 745 669 PRAElrlBEllAT:
771 629 801 667 nr
819 628 846 667 et
865 614 977 687 plurimi
997 613 1069 685 apud
1084 612 1275 670 Gebhardntn.
1311 613 1394 668 Unde
1409 610 1546 667 facillima

145 743 151 752 ,
224 706 282 744 erat
301 696 508 761 certissimaque
528 688 701 756 emendatio,
725 690 788 743 CUI
806 707 944 741 venenam
963 690 1231 744 PRAEBlBERAT:
1257 688 1331 760 qnod
1350 688 1464 762 quidem
1481 691 1547 744 Cri-
1656 682 1657 685 ¹

225 772 280 820 tioe
305 753 459 838 pra‘ebibit,
488 784 570 837 quum
593 762 678 831 dixit,
708 764 909 835 Propinohoo
927 762 1042 837 pulchro
1065 766 1198 817 Critiae·
1226 764 1400 820 Glossarium
1421 764 1546 819 Graeco-

182 848 188 861 '
224 843 371 906 Latinum,
396 842 555 916 sipontum,
577 839 716 911 Propino,
735 839 865 896 Probibo.
903 843 1031 913 corrige,
1051 840 1196 893 Praebibo.

298 914 413 970 *ibid
439 916 507 985 Quis
528 914 600 966 itanc
626 921 712 969 animi
741 919 855 968 maximi
885 921 1054 988 aequitatem
1081 919 1112 966 in
1137 921 1199 988 ipsa
1224 925 1314 969 morte
1341 915 1486 984 laudaret,
1515 920 1545 967 st

196 1038 208 1055 ,
224 999 343 1042 mortem
370 990 474 1041 malurn
500 991 670 1062 indiscreti]
696 991 755 1063 Ego
784 1008 848 1043 reto
874 1009 930 1045 non
956 989 1038 1043 laudo
1063 991 1111 1043 hi‘o
1139 991 1297 1045 socordiam
1327 1006 1355 1045 et
1387 989 1447 1071 ἀβλ
1490 990 1545 1049 ίαν

225 1065 384 1119 Editornrn:
416 1082 511 1118 ornnes
535 1071 608 1118 enirn
632 1071 719 1131 nostri
743 1064 871 1131 codices,
896 1082 923 1120 et
948 1071 1071 1138 ipsorum
1095 1076 1218 1138 quoque,
1250 1084 1280 1120 nt
1305 1064 1405 1132 credo,
1429 1069 1464 1120 ha
1484 1082 1544 1133 ent,

224 1139 463 1206 inversoordine,
488 1142 637 1196 Msxlnit
658 1141 774 1194 ANlMl
792 1146 979 1212 asperitatem:
1001 1139 1074 1212 quod
1098 1146 1189 1215 ipsum
1210 1139 1373 1197 concinnius
1396 1158 1423 1196 et
1445 1160 1544 1196 nnme-

224 1223 313 1270 rosius
339 1233 397 1282 est,
428 1231 511 1287 quam
539 1214 607 1268 illud
634 1215 762 1268 alterum.
806 1216 859 1269 Sed
883 1236 917 1269 ex
937 1235 1001 1269 vero
1024 1216 1121 1270 ordine
1145 1234 1217 1270 nunc
1240 1208 1384 1290 comperto
1403 1217 1543 1290 praeclara

223 1296 334 1364 insuper
356 1296 480 1344 nascitur
502 1291 671 1345 emindatio:
697 1307 760 1344 nam
782 1297 912 1363 aequitas
931 1296 1020 1344 aninst'
1041 1308 1068 1345 et
1091 1298 1211 1343 maximi
1231 1298 1320 1344 animi
1338 1292 1417 1364 plane
1436 1292 1543 1347 diversa

223 1383 287 1420 sunt
310 1382 337 1420 et
360 1366 532 1424 ἁσυοτατα.
575 1367 618 1419 'l'n
641 1366 716 1439 lege:
746 1366 817 1436 Quis
841 1367 914 1418 nanc
936 1367 1127 1421 ΜΑΧΙΜΑΜ
1149 1372 1238 1418 animi
1259 1374 1443 1439 aequitatem:
1468 1365 1543 1439 qnod

223 1445 338 1515 perinde
358 1458 416 1507 est,
442 1459 475 1495 ac
498 1445 521 1494 si
544 1439 676 1507 dixisset,
700 1442 769 1511 Quis
790 1441 861 1494 trano
882 1446 1037 1494 mariniane
1060 1447 1323 1513 aequanimitatem:
1352 1442 1400 1496 sed
1421 1459 1438 1496 a
1459 1446 1542 1498 subn

222 1518 286 1585 illo,
311 1521 364 1571 etsi
387 1519 572 1583 Terentiano,
594 1520 692 1571 Cicero
716 1516 864 1571 abstinuit.

296 1593 399 1646 *Cra
421 1594 492 1647 ΧΗ.
520 1593 558 1644 Ut
576 1602 627 1644 ant
643 1610 741 1643 sensns
757 1597 869 1644 omnino
886 1608 961 1645 mors
978 1608 1072 1644 omnes
1089 1588 1219 1664 auferat]
1245 1592 1317 1664 Lege
1334 1609 1399 1646 cum
1416 1592 1544 1648 omnibns

223 1674 326 1721 nostris
343 1666 448 1721 codd:
468 1669 508 1720 Ut
525 1676 577 1719 ant
596 1685 694 1720 sensns
712 1672 823 1720 omnino
843 1684 941 1720 omnes
960 1685 1035 1721 mors
1054 1664 1189 1738 auferat:
1214 1684 1318 1740 quanto
1342 1669 1396 1723 hoc
1416 1672 1557 1722 numero-⁸

223 1748 280 1797 slus
304 1758 331 1796 et
351 1742 508 1815 pulchrius!

298 1818 386 1871 lbid.
413 1819 445 1870 Si
469 1835 546 1868 mors
574 1822 601 1868 ei
629 1835 726 1870 somno
751 1819 852 1869 similis
882 1825 939 1883 est,
972 1819 1020 1887 qni
1043 1816 1266 1887 placatissimam
1294 1822 1412 1887 quietem
1441 1810 1546 1889 affert:

222 1892 364 1959 ditioni,
390 1892 458 1963 qnid
481 1893 553 1943 lucri
572 1900 616 1944 est
636 1893 745 1944 emori?
759 1897 831 1944 'Ans
848 1911 931 1964 qnam
948 1893 1030 1943 multi
1049 1891 1110 1942 dies
1128 1896 1247 1962 reperiri
1263 1901 1398 1962 possunt,
1428 1899 1474 1965 qni
1493 1894 1546 1946 tali

220 1974 298 2021 nocti
320 1976 544 2036 anteponantur,
576 1973 621 2019 eni
647 1968 748 2019 similis
761 1966 873 2038 fitttera
895 1977 938 2019 est
955 1972 1131 2039 perpetuitas
1155 1973 1244 2018 omnis
1262 1975 1453 2038 consequentis
1470 1978 1548 2021 uns-

220 2043 320 2117 poris?
341 2044 412 2113 (iuis
427 2063 469 2095 nte
484 2044 626 2111 densiori]
653 2041 791 2117 Impedita
810 2059 876 2096 sane
892 2048 996 2104 oretio;
1019 2040 1089 2094 adde
1106 2060 1228 2113 qnoque.
1248 2042 1378 2095 scabrosa
1395 2059 1422 2096 et
1440 2059 1546 2113 aspera.

222 2119 276 2172 Cni
293 2125 369 2170 nocti
387 2123 443 2184 ait,
467 2120 566 2170 similis
579 2117 687 2189 futura
708 2127 753 2169 est
766 2124 944 2189 perpetuitas
963 2122 1052 2169 omnis
1069 2122 1260 2188 consequentis
1279 2124 1422 2190 temporis.
1462 2120 1547 2191 Atqui

121 2213 129 2219 ·
223 2192 292 2247 illud
310 2212 367 2246 non
388 2212 438 2266 pro
461 2211 594 2247 concesso
614 2192 777 2247 sumendum
800 2210 874 2258 erat,
900 2192 948 2247 ssd
967 2193 1131 2265 probatione
1152 2192 1302 2266 indigebat.
1330 2192 1414 2246 'illud
1437 2192 1546 2260 delude,

222 2286 305 2342 quam
326 2287 359 2321 ex
380 2269 513 2342 abrupto,
532 2270 602 2339 Quis
620 2289 662 2320 me
677 2270 809 2319 beatior?
828 2287 884 2322 non
902 2285 1022 2341 agnosco
1039 2268 1258 2321 Ciceronemitn
1279 2286 1381 2321 temere
1400 2284 1427 2322 ct
1448 2275 1548 2322 intem-
1595 2311 1600 2319 .

143 2348 146 2354 '
221 2350 326 2419 pestive
346 2346 558 2400 exclamantem.
596 2345 667 2417 Lege
691 2362 770 2408 vero,
795 2359 823 2396 et
844 2343 999 2415 distingne,
1020 2360 1063 2395 me
1082 2341 1254 2397 fideiussore:
1278 2344 1369 2414 Qrtnm
1387 2345 1470 2396 metiti
1488 2345 1548 2396 dies

220 2425 340 2493 reperiri
354 2429 487 2491 possunt,
512 2423 559 2490 qni
577 2420 630 2470 tali
652 2425 728 2471 nocti
749 2420 977 2489 anteponantur?
1010 2418 1062 2470 Cui
1079 2419 1116 2470 Sl
1130 2419 1230 2470 similis
1243 2417 1355 2489 stttnra
1377 2428 1420 2471 est
1442 2438 1547 2491 perpe-

222 2502 313 2549 tuitas
340 2501 430 2547 omnis
451 2500 643 2566 consequentis
668 2501 816 2564 temporis,
849 2499 910 2566 qrtrs
933 2512 975 2545 me
997 2494 1126 2545 beatior?
1152 2493 1223 2547 Illud
1251 2500 1277 2545 si
1306 2495 1353 2547 hic
1384 2495 1547 2568 absorptum

221 2589 264 2626 est
284 2587 300 2621 a
320 2586 452 2641 sequente
468 2570 589 2645 syllaba,
609 2586 720 2644 prorsus
741 2585 771 2624 ut
789 2586 871 2644 supra
888 2569 954 2643 Cap.
972 2569 1062 2623 XXV.
1081 2570 1141 2624 AN.
1179 2574 1228 2622 An
1243 2575 1355 2621 animas
1370 2576 1409 2622 sit
1424 2575 1546 2640 ignisne,

222 2663 324 2699 neseio.

297 2718 412 2773 *ibid
438 2719 474 2772 Id
490 2719 577 2772 mutto
595 2724 653 2772 inm
671 2719 781 2771 beatius
798 2729 857 2785 est,
880 2727 924 2783 te,
943 2736 1025 2792 qnttrn
1043 2716 1078 2769 ab
1101 2717 1158 2786 ltts,
1181 2724 1227 2791 qni
1248 2737 1277 2770 se
1295 2719 1417 2772 indicum
1433 2737 1548 2775 nnnsero

222 2795 319 2849 baberi
339 2796 454 2858 coirent,
474 2796 612 2866 evaseris]
640 2797 675 2849 Et
696 2794 782 2851 lectio
801 2810 829 2849 et
849 2793 994 2848 distinctio
1013 2811 1063 2846 nos
1083 2793 1164 2848 lallit.
1202 2793 1320 2847 Codices
1342 2798 1430 2848 nostri
1451 2813 1546 2849 omnes

220 2891 278 2927 non
294 2880 337 2935 te,
357 2870 405 2933 sed
423 2861 532 2924 TiiNss.
570 2872 642 2944 Lege
658 2887 739 2943 ergo,
758 2870 791 2922 id
803 2870 891 2923 nuslto
906 2875 963 2921 iam
977 2869 1086 2921 beatius
1101 2878 1153 2925 est.
1179 2869 1264 2935 Tene,
1283 2888 1364 2942 quum
1379 2871 1415 2921 ab
1428 2870 1474 2922 Isis
1492 2886 1546 2925 oet.

298 2945 388 3003 ibid.
413 2945 453 2997 Et
474 2943 542 2997 irasc
563 2946 670 3018 quidem
692 2945 743 2997 noc
765 2945 864 2997 modo:
892 2945 966 2996 nihil
992 2953 1083 2997 aretem
1111 2944 1208 2997 melius
1231 2951 1356 3000 aestimo.
1394 2946 1452 2997 Sed
1473 2955 1547 2998 tens-

219 3041 273 3097 pns
292 3032 349 3087 est,
373 3028 477 3093 inquit,
499 3026 556 3071 iam
576 3021 640 3072 irino
661 3020 739 3072 abire
760 3039 813 3086 me,
834 3028 867 3071 nt
888 3025 1013 3077 moriare
1037 3037 1104 3084 vos,
1133 3028 1165 3071 nt
1185 3026 1277 3072 vitam
1300 3025 1407 3089 agatis.
1447 3022 1546 3075 Utrum

222 3109 316 3151 antem
333 3103 371 3151 sit
387 3098 485 3149 melias
503 3096 544 3147 dii
561 3096 733 3148 immortales
751 3101 861 3147 sciunt:
882 3094 1020 3147 hominem
1037 3095 1146 3168 quidem
1164 3102 1237 3147 seire
1256 3097 1381 3148 arbitror
1397 3101 1544 3167 neminem]

223 3173 314 3244 Quid,
337 3173 455 3239 malam,
475 3169 551 3225 «tund
571 3177 705 3236 aestimo,
734 3186 780 3224 aut
803 3174 955 3243 quorsum?
983 3171 1078 3297 Nepae
1100 3174 1174 3222 eninr
1198 3169 1233 3223 ad
1256 3173 1448 3244 praecedentia
1469 3178 1546 3245 quio-

241 3266 303 3303 narn
325 3246 409 3314 lacit,
430 3266 465 3300 ne
486 3265 518 3300 ne
541 3245 575 3307 ad
598 3250 749 3319 sequentia.
789 3246 861 3319 Lege
884 3263 949 3299 vero
972 3264 1004 3298 cx

221 3272 371 3379 lambino:
401 3321 440 3375 Et
520 3340 534 3374 o
555 3323 663 3393 qudem
690 3320 741 3373 lroc
767 3321 865 3373 modo:
893 3321 966 3373 niltil
991 3329 1085 3373 antem
1112 3322 1211 3371 melius
1230 3321 1434 3376 EXTREMO.
1474 3324 1544 3376 Nam

222 3400 321 3464 rerba,
350 3413 419 3469 quae
443 3395 541 3451 deiude
564 3398 664 3451 Cicero
683 3400 778 3450 Latine
801 3402 994 3464 restit„sunt
1022 3411 1143 3449 extrema
1170 3412 1197 3449 ct
1221 3401 1373 3451 novissima
1394 3397 1543 3471 Apologiae

224 3477 397 3540 Socraticae,
423 3468 510 3531 'nnn
534 3468 594 3549 yolo
616 3470 674 3605 plin
695 3467 763 3546 ὥρα
788 3469 926 3541 ἀπιέναι,
954 3466 1025 3566 e’pol
1044 3472 1103 3548 μὲν
1122 3468 1388 3551 ἀποθανουμένῳ,
1415 3472 1490 3551 υμῖν
1513 3469 1545 3531 is

222 3548 443 3631 (irrtroolntrote'¹
463 3544 604 3624 ὁπότεροι
634 3548 753 3622 inania
771 3542 917 3622 ἔρχονται
930 3546 980 3606 ἐπι
992 3540 1123 3623 ἄμεινον
1138 3548 1286 3623 πρᾶγμα,
1309 3542 1423 3619 ἄδηλον
1441 3543 1542 3614 παντὶ,

223 3620 300 3698 πλὴν
318 3621 340 3697 ἢ
357 3625 401 3692 τῷ
421 3623 495 3692 θεῷ.
533 3620 608 3690 Quid
631 3622 730 3675 clarior
752 3622 804 3673 hae
822 3620 960 3688 lectione,
989 3621 1054 3692 qnid
1075 3620 1248 3694 elegantius?
1281 3620 1352 3692 quod
1375 3628 1460 3686 etiam
1484 3627 1543 3676 sins

215 3698 329 3753 'codicis
351 3701 516 3751 auctoritate
541 3701 662 3756 scrisse
685 3696 812 3749 omnibns
838 3696 967 3768 probaret
989 3713 1048 3748 non
1070 3699 1215 3768 imperitis.
1260 3695 1423 3751 Gebhardus
1450 3712 1543 3750 tamen

222 3775 362 3847 vulgatum
378 3771 567 3844 amplectitor;
587 3776 631 3825 cui
648 3770 676 3824 id
694 3777 813 3825 maxime
828 3771 921 3824 studio
938 3769 1023 3825 luisse
1039 3771 1163 3839 videtur,
1181 3788 1212 3825 nt
1229 3773 1300 3825 nihil
1317 3790 1428 3847 prorsus
1445 3770 1543 3825 admit·

224 3866 310 3914 teret,
333 3847 406 3918 qnod
428 3852 458 3900 ln
479 3846 612 3903 Palatinis
635 3853 691 3900 suis
714 3864 770 3901 nou
790 3851 949 3901 invenisset.
1358 3884 1364 3891 -

298 3921 413 3984 *lbid,
440 3927 639 3993 convenireque
664 3940 726 3990 eos,
752 3926 799 3993 qni
823 3929 896 3975 inste
921 3930 950 3973 et
974 3934 1035 3975 orins
1053 3918 1118 3993 fide
1138 3921 1401 3990 vientnepcodex
1419 3921 1541 3976 Gallicas

224 4017 286 4053 oum
307 4000 384 4067 aliis,
406 4004 452 4069 qni
474 4003 547 4050 inste
566 4015 628 4050 cum
640 3996 703 4070 fide
721 4002 859 4050 vixerint.
898 3999 1093 4061 Britannicus,
1116 3996 1171 4066 Qui
1189 4003 1260 4048 iture
1279 4016 1312 4047 ea
1324 3994 1389 4069 fide
1405 4001 1541 4050 vinerint.

1045 3245 1131 3298 uobus
1150 3246 1262 3318 s'criptis
1282 3264 1345 3299 turn
1367 3248 1498 3301 Monutlo
1517 3262 1545 3302 et

223 4077 354 4147 Suspicor
376 4074 411 4126 ab
434 4078 554 4133 auctoris
578 4089 661 4125 mauu
684 4089 758 4138 esse,
791 4073 846 4142 Qui
867 4077 939 4124 inste
957 4081 986 4124 et
1003 4077 1050 4144 pie
1070 4076 1212 4127 vixerint.
1253 4072 1334 4125 Certe
1363 4071 1476 4125 solenne
1501 4084 1552 4125 est*
1656 4082 1657 4101 ¹

223 4150 277 4204 duo
295 4155 346 4204 ista
362 4153 511 4219 coniungi:
530 4163 557 4201 et
574 4152 674 4201 crescit
691 4152 850 4213 sententis,
865 4153 938 4199 inste
955 4146 1082 4200 adversus
1098 4147 1240 4213 homines,
1260 4152 1307 4219 pie
1323 4147 1450 4201 adversus
1467 4145 1541 4200 deos.

296 4223 411 4278 *ibid
438 4242 520 4295 qnam
541 4226 671 4288 Aiacem,
696 4241 777 4300 qnpnn
794 4224 868 4274 alios
885 4221 987 4275 indicio
1008 4226 1167 4294 iniquorum
1186 4216 1388 4279 circumventos
1407 4228 1543 4275 eonveni-

223 4305 293 4370 re'm]
320 4300 383 4351 Duo
402 4305 491 4352 nostri
513 4303 669 4365 veterrimi,
690 4303 845 4368 iniquorum
866 4308 982 4350 ventos:
1005 4295 1076 4350 unde
1096 4315 1225 4371 prorupta
1246 4296 1383 4352 etfacilis
1403 4303 1542 4351 correctio

223 4390 280 4442 est,
303 4375 404 4504 r'rgdioio
418 4378 516 4447 iniquo
532 4379 753 4428 oiremnventos:
781 4375 854 4447 quod
872 4379 958 4447 ipsios
976 4373 1099 4427 Socratis
1116 4390 1187 4441 est,1
1200 4370 1252 4433 διὰ
1267 4373 1369 4455 κρίσιν
1384 4380 1542 4442 ΑΔΙΚΟΝ,

221 4470 279 4506 non
299 4472 320 4507 α
339 4452 420 4506 isson·
1154 4480 1159 4494 .
1191 4498 1194 4501 ,

297 4518 411 4576 *ibid
437 4523 498 4574 Nec
525 4540 646 4593 nnqnarn
676 4529 733 4575 rer
750 4529 809 4574 eins
831 4543 849 4574 n
872 4524 939 4577 Diis
965 4523 1168 4577 immoriantur
1196 4522 1385 4596 neglegentur]
1414 4522 1543 4595 Reposni,

223 4602 428 4671 negleguntur:
454 4603 505 4650 etsi
529 4596 640 4651 codices
658 4616 712 4651 non
731 4599 928 4670 astipulentur:
951 4617 1015 4673 nrm
1033 4601 1153 4653 Platonis
1171 4614 1212 4652 est
1229 4597 1397 4676 άμελήται,
1417 4614 1542 4669 tentpore
1603 4610 1607 4615 “

223 4679 375 4750 praesenti:
403 4688 432 4725 et
452 4678 590 4726 sententia
613 4691 721 4745 quoqne
741 4679 905 4728 concinnior
927 4690 985 4742 est,
1012 4693 1151 4747 nunqnam
1171 4672 1369 4743 negleguntur.
1414 4672 1543 4726 Cere-usn

221 4754 275 4815 hoo
294 4753 399 4803 Davisii
417 4754 505 4801 nostri
524 4745 683 4820 diligentins
703 4748 801 4805 debeo.
1126 4766 1130 4773 ·

296 4827 402 4879 *Cen
416 4824 510 4878 XLll.
531 4823 567 4875 ld
579 4830 634 4876 scit
648 4830 725 4896 ipse,
741 4833 835 4875 ntrnm
851 4826 948 4876 melini
962 4823 1013 4895 sit]
1032 4824 1128 4877 Nostri
1143 4840 1254 4888 ornnes,
1273 4830 1367 4874 tetrum
1381 4826 1420 4875 sit
1436 4822 1542 4876 melitis.

297 4897 387 4959 lbid.
414 4894 491 4951 Narn
518 4904 598 4950 vitae
622 4904 741 4951 miseras
768 4917 845 4950 mors
866 4898 941 4972 finis
963 4917 1021 4951 esse
1036 4898 1170 4952 videtur.-
1200 4903 1329 4951 morrei
1356 4906 1401 4952 est
1428 4903 1542 4966 misera,
