3384 5359
210 258 252 325 tt
469 261 861 349 tuseuunuanunr
881 238 1277 336 nrsrur'amouunr

297 401 381 468 XX.
403 403 500 470 Dicet
525 402 663 492 aliquis:
699 405 784 488 Quid
805 403 912 492 ergo?
933 416 969 471 tu
993 404 1172 489 Epicurum
1194 378 1376 469 eiisttuw
1396 399 1458 467 ista
1478 419 1543 468 vo·

211 493 325 574 larissa,
349 510 403 561 aut
422 496 608 564 libidinosas
625 499 694 565 eius
710 499 810 566 iuuisse
829 499 1025 565 sententiaa?
1047 530 1090 544 -
1110 499 1186 583 Ego
1204 517 1286 561 vero
1304 494 1454 573 minime,
1476 496 1543 560 Vi-

210 592 274 655 deo
292 584 374 657 eni'm
395 595 436 657 ab
458 614 499 658 eo
523 593 586 658 dici
606 594 704 658 multa
722 615 858 670 severe,
894 594 991 660 multa
1016 592 1194 677 praeclare·
1238 590 1369 674 ltaque,
1392 602 1429 654 ut
1444 610 1544 675 saepo

102 684 106 703 ⁴
212 684 297 760 dixi,
309 687 360 751 .de
378 686 520 751 uolumine
542 687 648 773 agitur
669 688 768 767 eius2,
792 711 858 754 non
875 691 914 752 de
932 687 1090 753 moribus.
1135 684 1292 768 Quamvis
1310 686 1459 767 spernat?
1479 707 1544 754 vo-

208 778 348 862 luptates
366 802 438 857 ess,
455 803 535 867 qtras
549 784 647 848 modo
661 781 820 860 laudavit;
842 804 909 867 ego
923 795 1030 847 tamen
1044 779 1238 861 meminero,
1263 781 1371 865 quod⁴
1393 778 1542 845 videatur

210 871 240 941 ei
264 890 419 936 summum
440 878 574 945 bonum.
632 877 709 940 Non
734 877 814 943 enim
841 879 946 942 verbo
968 876 1072 940 solum
1093 874 1203 958 posuit
1227 875 1449 957 voluptatem,
1482 876 1543 938 sed

210 966 393 1049 explanavit
415 967 493 1053 quid
509 968 643 1041 diceret.
686 970 885 1055 „Saporem
913 970 1035 1056 iuquit,
1061 982 1286 1051 etcorporum
1310 966 1538 1049 complexum,

211 1071 243 1122 et
258 1061 350 1125 ludos
366 1073 461 1146 atquc
479 1074 609 1141 cantus,
634 1072 666 1127 et
679 1065 801 1129 formas
821 1087 894 1141 cas,
917 1064 1034 1151 qrribus
1050 1062 1136 1129 oculi
1154 1063 1292 1127 iucunde
1311 1063 1539 1128 moveantur.¹¹

209 1155 296 1219 Num
318 1154 434 1240 lingo?
454 1176 527 1219 num
551 1158 713 1224 mentior?
742 1159 852 1243 Cupio
873 1159 991 1224 refelli.
1024 1156 1135 1239 'Quid
1156 1157 1238 1221 enim
1263 1158 1401 1235 laboro,
1423 1156 1484 1222 nisi
1504 1169 1541 1222 nt

210 1249 328 1315 veritas
349 1250 381 1314 iu
404 1249 489 1314 omni
514 1251 700 1336 quaestione
722 1253 926 1339 explicetur?
963 1255 1016 1318 tt.
1038 1254 1086 1318 At
1106 1252 1189 1317 idem
1210 1252 1270 1328 ait,
1307 1273 1372 1317 non
1395 1272 1540 1316 creseus

208 1343 408 1426 voluptatem
437 1347 550 1410 dolore
580 1348 743 1424 detracto;
777 1370 994 1435 summamque
1022 1347 1248 1430 voluptatem,
1286 1344 1371 1410 nihil
1394 1346 1538 1411 dolere⁸.

209 1435 326 1501 Paucis
354 1439 462 1504 verbis
484 1440 545 1504 tria
576 1463 688 1528 magna
715 1456 867 1526 peccatur
904 1464 1020 1520 unum,
1054 1441 1143 1527 quod
1165 1462 1272 1504 secum
1300 1440 1371 1522 ipse
1403 1449 1537 1526 pugnat·

202 1531 317 1601 Modo
336 1530 437 1612 enim,
461 1556 502 1599 ne
523 1533 679 1619 suspicari
700 1536 826 1625 quidem
848 1559 884 1602 se
897 1536 1070 1622 quidquam
1085 1537 1223 1612 bonum,
1247 1534 1308 1600 nisi
1321 1556 1433 1599 sensus
1449 1533 1541 1620 qurasi

206 1625 433 1692 titillarentur⁶
456 1629 639 1713 voluptatet
664 1653 748 1695 nunc
769 1644 897 1710 arrtem,
921 1651 1072 1696 summam
1091 1628 1289 1712 voluptatem
1307 1650 1397 1707 esse,
1421 1628 1537 1694 dolore

209 1741 333 1786 carere.
367 1723 521 1788 Potestne
537 1723 637 1810 magis
652 1746 759 1790 secum
774 1725 843 1810 ipse
857 1723 1028 1813 pugnare?
1050 1723 1222 1788 Alterum⁷
1237 1734 1419 1806 peccatum,
1436 1722 1536 1811 quod,

209 1836 306 1897 quum
327 1813 359 1879 in
383 1827 494 1880 natura
516 1817 575 1880 tria
598 1818 678 1900 sint,
707 1841 823 1898 uturum,
849 1823 1011 1906 gaudere;
1046 1820 1197 1895 alterurn,
1229 1818 1359 1894 dolerc;
1388 1818 1536 1892 tertium,

194 1928 269 1979 ‚nec
290 1910 448 1994 gaudere,
472 1932 532 1975 nec
554 1913 682 1989 dolere3
704 1913 758 1977 hic
778 1913 914 1998 primurn
937 1926 969 1979 et
989 1913 1117 1977 tertium
1139 1923 1230 1996 putat
1250 1911 1333 1975 idem
1352 1911 1456 1987 esse⁸‚
1479 1930 1539 1973 neo

208 2002 374 2086 distinguit
396 2026 413 2066 a
434 2026 499 2070 non
523 2006 661 2072 dolendo
681 2008 891 2092 uoluptatem.
939 2008 1084 2072 Tertium
1099 2018 1265 2088 peccatum
1279 2026 1448 2070 commune
1467 2027 1538 2069 cum

152 2162 155 2168 ,
208 2096 420 2181 quibusdam,
445 2102 551 2186 quod,
580 2123 676 2186 qutun
699 2102 801 2167 virtus
822 2101 958 2167 maxime
977 2112 1170 2185 expetatur,
1204 2100 1335 2185 eiusque
1357 2099 1538 2187 adipiscen-

208 2191 268 2254 dae
290 2212 385 2256 causa
410 2194 614 2279 philosophia
641 2197 784 2282 quaesita
806 2196 865 2272 sit,
903 2196 957 2259 ille
979 2216 997 2260 a
1022 2195 1140 2259 virtute
1164 2216 1319 2258 summum
1344 2196 1466 2259 bonum
1487 2214 1538 2258 se·

209 2286 347 2367 paravit.
393 2288 446 2351 118.
464 2288 510 2353 At
525 2290 650 2371 laudat,
675 2294 728 2355 etl
749 2312 864 2374 saepe,
889 2290 1052 2355 virtutem.
1074 2287 1350 2373 -ldtquidem1⁰
1372 2287 1415 2354 C.
1432 2290 1538 2354 Grac·

207 2380 308 2457 chus,
333 2404 430 2466 qurum
452 2383 639 2470 largitiones
663 2387 816 2452 maximas
836 2386 966 2452 fecisset
987 2396 1019 2449 et
1041 2384 1203 2448 effudisset
1230 2382 1405 2460 aerarium,
1429 2383 1537 2452 verbis

208 2482 312 2537 tamen
338 2476 528 2545 defendebat
551 2481 721 2546 aerarium.
774 2480 862 2563 Quid
881 2481 979 2545 verba
1002 2478 1145 2554 audiam,
1168 2499 1265 2563 quum
1282 2478 1367 2542 facta
1388 2476 1537 2542 videant

187 2564 287 2647 ¹Piso
313 2568 366 2633 ille
391 2571 495 2659 Frugi
519 2597 644 2660 semper
666 2590 778 2642 contra
801 2578 907 2663 legem
926 2570 1164 2639 frumentariam
1183 2574 1321 2637 dixerat.
1375 2573 1429 2650 Is,
1464 2572 1537 2659 lege

208 2660 291 2739 lata,
327 2666 502 2732 consularis
531 2672 570 2732 ad
597 2671 790 2737 frumentum
820 2671 1037 2756 accipiendum
1066 2679 1210 2732 venerat.
1270 2667 1536 2735 Animadvertit¹¹

210 2754 378 2823 Gracchus
399 2759 431 2824 in
454 2763 611 2830 concione
632 2752 784 2832 Pisonem
806 2777 961 2830 stantem:
992 2763 1135 2849 quaerit,
1158 2763 1304 2827 erudiente
1322 2763 1446 2846 populo
1465 2762 1536 2828 Ro·

209 2872 324 2931 mano,
349 2856 404 2937 qul
425 2854 486 2919 sibi
507 2871 651 2937 constet,
676 2883 774 2944 quum
797 2882 833 2924 ea
857 2861 930 2943 lege
950 2857 1144 2922 frumentum
1163 2868 1270 2938 petat,
1294 2877 1388 2941 quam
1415 2855 1536 2921 dissua-

208 2944 350 3037 serit¹²9
392 2949 538 3029 „Nolim'‚
573 2953 694 3040 inquit,
730 2976 798 3018 mea
822 2955 925 3031 bona,
945 2952 1131 3041 ,Gracchum
1169 2950 1228 3014 tihi
1250 2950 1368 3014 viritim
1394 2951 1534 3018 dividere

208 3038 360 3106 libeat¹³z
385 3045 459 3122 sed,
484 3046 512 3109 si
532 3046 654 3127 facias,
678 3060 801 3132 partem
822 3043 964 3132 petam.'’
1007 3047 1168 3110 Parumne
1190 3041 1363 3109 declaravit
1386 3044 1438 3108 vir
1460 3066 1534 3129 gra·

209 3132 259 3196 vis
281 3147 313 3198 et
338 3137 482 3220 sapiens,
505 3141 579 3227 lege
603 3141 792 3227 Sempronia
809 3139 1034 3226 patrimonium
1056 3139 1216 3222 publicum
1239 3135 1410 3221 dissipari?
1443 3140 1533 3224 Lege

209 3229 372 3295 orationes
395 3233 554 3301 Gracchis
588 3249 758 3321 patronum
785 3236 903 3301 aerarii
929 3256 998 3299 esse
1025 3232 1123 3301 dices.
1169 3234 1222 3299 119.
1247 3235 1355 3318 Negat
1374 3232 1532 3316 Epicurus

209 3318 344 3387 iucunde
366 3347 463 3410 posse
485 3328 571 3408 vivi,
594 3331 655 3396 nisi
673 3354 743 3395 cum
766 3330 886 3395 virtute
908 3330 1055 3395 vivatur:
1078 3337 1176 3412 negat
1193 3328 1287 3391 ullam
1305 3328 1338 3391 in
1360 3327 1533 3409 sapientem

211 3414 274 3480 vim
300 3438 370 3482 esse
396 3419 567 3488 fortunae:
590 3436 715 3519 tpnnem
739 3425 860 3489 victum
881 3425 1022 3489 antefert
1042 3422 1199 3506 copioso:
1221 3433 1320 3507 'negat
1345 3423 1443 3486 ullum
1465 3442 1532 3487 essa

208 3520 357 3594 tempus,
382 3535 448 3598 quo
470 3515 596 3599 sapiens
617 3540 681 3583 non
706 3520 855 3583 heatus¹⁴
875 3519 930 3583 sit.
982 3517 1097 3584 Omnia
1118 3518 1314 3601 philosopho
1341 3517 1456 3602 digna,
1479 3517 1534 3581 sed

208 3627 280 3669 cum
313 3606 482 3690 voluptate
511 3613 699 3696 pugnantia.
725 3647 769 3660 -
801 3613 878 3677 Non
907 3612 999 3677 istam
1028 3612 1104 3676 dicit
1129 3612 1339 3694 voluptatem.
1362 3642 1403 3659 ·-
1433 3612 1529 3676 Dicat
1638 3658 1639 3675 ι

210 3700 404 3785 quamlibet:
429 3724 543 3788 nempe
565 3727 634 3770 eam
656 3706 751 3784 dicit,
772 3706 889 3792 inqua
910 3702 1039 3771 virtutis
1060 3707 1144 3769 nulla
1166 3726 1240 3788 pars
1257 3705 1345 3768 insit.
1389 3705 1484 3791 Age,
1506 3703 1534 3768 si
1637 3728 1638 3751 ι

210 3794 410 3878 voluptatem
435 3817 500 3861 nou
522 3797 728 3885 intelligimus
736 3801 784 3863 ¹⁶2
815 3822 855 3864 ne
877 3801 1023 3867 dolorem
1044 3799 1195 3885 quidem?
1231 3800 1327 3884 Nego
1348 3798 1448 3885 igitur
1469 3798 1532 3865 eiua

209 3907 304 3965 esse,
328 3889 383 3975 qni
406 3891 520 3959 dolore
542 3913 696 3958 scammum
717 3893 833 3957 malum
855 3894 1025 3969 metiatur,
1056 3893 1245 3958 mentionem
1265 3892 1373 3958 iacere
1394 3891 1549 3957 uirtutis.¹
1635 3920 1636 3933 ι

284 4159 323 4228 (¹)
342 4156 390 4214 Sle
409 4158 476 4214 Mt.
495 4161 531 4215 D.
551 4159 633 4233 chq.
652 4175 691 4215 ao
709 4161 885 4214 exunmaets
903 4158 1004 4227 Laud,
1024 4157 1222 4230 utaliquando
1242 4163 1401 4231 ponimns
1418 4157 1534 4212 lum-‘-

208 4233 395 4285 existimabas
413 4235 445 4290 R.
465 4234 640 4293 PABSECV.
661 4237 753 4292 Geth.
772 4237 856 4291 Mox:
876 4265 914 4281 -ι
932 4242 976 4288 tta
994 4252 1045 4311 pro
1067 4230 1125 4288 ts'ta
1150 4235 1224 4289 Olis.
1250 4234 1318 4288 Lali.
1356 4236 1395 4303 (ἵ)
1418 4254 1457 4292 ··..·
1479 4238 1534 4286 σὺν

210 4326 260 4378 ag.
279 4308 485 4367 PABSECML.
524 4309 562 4386 (³)
581 4340 620 4355 ··-
638 4320 805 4384 aspernetur
824 4310 897 4366 Ollv.
917 4310 986 4365 hall.
1024 4310 1064 4379 (⁴)
1083 4338 1122 4355 ·-
1139 4311 1206 4383 putei
1223 4309 1300 4364 Laid.
1318 4308 1369 4363 Ed.
1383 4326 1437 4364 set.
1450 4309 1533 4363 ΒοιιΙι

210 4388 263 4440 Da.
312 4382 350 4452 (⁵)
368 4412 407 4429 ·-
424 4403 610 4459 assumamque
634 4406 710 4454 esse,
739 4387 810 4440 nthtl
826 4387 854 4439 d.
873 4387 953 4442 Laid
971 4384 1052 4460 prob.
1071 4386 1162 4442 Βοιὼ.
1200 4384 1239 4454 (⁶)
1264 4414 1304 4428 -
1327 4386 1480 4439 ttettlmroe
1502 4382 1533 4437 de

212 4461 303 4517 Beotl.
330 4456 361 4517 Θ.
390 4462 425 4515 D.
472 4459 510 4539 (⁷)
535 4477 573 4517 oe
596 4462 718 4517 alterium
743 4471 787 4516 est
812 4463 885 4521 051.
907 4464 942 4519 P.
968 4461 1088 4516 mCMl..
1139 4460 1177 4527 (⁸)
1195 4480 1235 4515 ··..-.
1252 4459 1295 4513 late
1314 4460 1387 4513 idem
1403 4478 1450 4534 pr.
1468 4466 1534 4514 ert.

208 4542 370 4607 potestesse
394 4534 427 4592 P.
452 4554 491 4597 τ.
515 4535 560 4600 hie
581 4548 668 4610 putat
690 4556 737 4611 pr.
761 4546 790 4591 et
814 4546 836 4593 t.
863 4537 936 4591 Mem
959 4554 1018 4590 essa
1045 4536 1254 4593 ABSECVML.
1305 4535 1343 4605 (9)
1367 4552 1406 4589 ω
1430 4553 1487 4591 om.
1507 4541 1534 4587 at

211 4608 288 4687 (ihi)
306 4610 377 4668 cdd.
395 4611 463 4682 aliq.
482 4611 517 4668 D.
554 4614 658 4681 (¹⁰)-
676 4620 708 4668 at
722 4613 832 4689 paridem
850 4631 933 4687 saepe
950 4611 1019 4666 Eru.
1038 4630 1112 4687 turp.
1150 4611 1256 4688 (11)-
1272 4618 1396 4664 animam
1414 4613 1535 4665 advertit

211 4680 282 4742 Cdd.
303 4687 367 4761 aliq.
388 4686 458 4763 (non
477 4686 542 4766 lh),
565 4686 641 4757 unde
658 4690 694 4744 D.
713 4688 837 4745 solebat:
856 4716 896 4733 -
914 4694 1038 4742 amanum
1055 4690 1190 4741 advertit.
1229 4688 1281 4761 (¹²)
1301 4704 1366 4742 eum
1385 4686 1455 4743 Cdd.
1474 4685 1535 4758 ullu·

212 4762 285 4823 03¹.
311 4766 346 4817 D·
373 4774 398 4821 l.
417 4763 471 4821 W·
498 4771 526 4822 2.
545 4791 585 4811 ·-
604 4764 779 4819 dissuaserat
803 4765 906 4821 Ceteri.
956 4761 1007 4838 (¹³)
1040 4764 1087 4818 stc
1112 4764 1161 4820 Gr.
1188 4763 1279 4819 Geth.
1300 4762 1382 4836 seqq.
1400 4791 1439 4815 n·
1456 4762 1534 4816 m

211 4838 330 4895 Priores.
369 4837 420 4914 (Η)
438 4861 476 4898 =
494 4839 592 4892 beatus
610 4858 667 4894 non
686 4841 719 4896 C.
762 4842 822 4921 (Ιὸ)
841 4871 878 4885 -
896 4840 1087 4909 tnaeldganuo
1104 4838 1279 4897 PABSECV.
1488 4874 1491 4877 -
