3384 5359
729 87 742 128 Γ

605 319 611 338 ·
657 290 751 364 mn.
776 298 806 361 1.
853 295 895 364 e.
921 297 973 362 ss.
998 297 1051 363 se.
1443 255 1445 263 ’
1492 300 1534 364 oa

198 441 419 528 qnidanimus
439 442 527 518 est¹,
558 461 598 503 ne
620 451 684 512 tam
706 451 824 526 vegeta
845 440 956 504 mens²
991 437 1099 504 autin
1121 441 1238 518 cordo,
1267 442 1466 516 cerebrove,
1483 452 1538 508 aut

197 539 230 604 io
252 537 474 620 Empedocleo
495 534 649 619 sanguine
672 537 815 598 demersa
840 533 978 600 iaceat³.

282 631 420 698 XVIII.
455 630 687 694 Dicaearchum
720 650 800 693 vero
831 649 903 691 cum
925 626 1145 705 Aristoxeno,
1177 628 1301 714 aequali
1322 640 1354 693 et
1375 629 1533 695 eondisci-

197 728 277 812 pnlo
298 747 377 801 suo,
416 726 531 789 doctos
552 745 626 790 sane
648 722 814 798 homines,
854 723 1052 792 omittamus:
1087 745 1223 805 quorum
1245 724 1326 786 alter
1348 744 1386 786 ne
1408 727 1531 791 condo-

198 823 295 886 luisse
317 820 446 905 quidem
466 840 602 903 unquam
627 818 770 895 videtur,
796 815 851 900 qui
872 816 1008 880 animum
1030 838 1064 881 se
1078 818 1199 882 habere
1215 840 1279 883 non
1297 817 1429 893 seutiat3
1452 818 1532 883 alter

199 917 242 980 ita
271 917 446 980 delectatur
467 912 532 977 suis
564 914 726 987 cantibus,
767 922 802 972 ut
825 930 881 976 eos
904 909 996 992 etiam
1019 914 1059 973 ad
1083 913 1162 974 haec
1183 911 1360 975 transferre
1382 924 1531 977 coneum.

200 1010 406 1074 Harmoniam
441 1005 544 1071 autem
567 1028 608 1070 ex
630 1004 824 1070 intervallis‘⁵
857 1024 1009 1067 sonorum
1042 1025 1137 1070 nosse
1157 1027 1357 1087 „pessumum
1394 1028 1532 1092 quorum

199 1103 287 1167 varia
304 1101 494 1185 compositio
516 1100 610 1164 etiam
631 1097 833 1165 harmonias⁵
852 1098 948 1162 efficit
968 1100 1100 1182 plures:
1124 1102 1339 1164 membrorum
1356 1121 1435 1166 vero
1453 1102 1532 1166 situs

199 1209 231 1264 et
253 1197 356 1282 figura
378 1196 545 1280 corporis,
570 1215 686 1258 vacans
708 1193 835 1269 animo,
861 1215 954 1277 quiam
976 1195 1079 1277 possit
1093 1195 1290 1258 harmoniam
1305 1195 1442 1270 efficere,
1466 1216 1533 1260 non

199 1293 310 1358 rideo.
360 1292 425 1355 Sed
445 1291 498 1354 hie
523 1289 667 1375 qrtidem,
699 1286 842 1372 quamvis
865 1287 1007 1351 eruditus
1030 1289 1087 1364 sit,
1123 1288 1205 1351 sicut
1227 1299 1294 1365 est,
1327 1290 1409 1356 haee
1429 1290 1532 1375 magi-

199 1399 269 1451 stro
291 1388 445 1450 concedat
466 1384 653 1459 Aristoteli3
692 1402 805 1446 canere
827 1382 897 1464 ipse
919 1383 1046 1450 doceat.
1090 1384 1181 1448 Bene
1203 1382 1284 1447 enim
1305 1382 1363 1448 illo
1386 1386 1532 1450 Graeco·

200 1478 295 1543 rum6
317 1479 493 1564 proverbio
515 1477 730 1562 praecipitur,

225 1567 234 1574 ’
366 1577 482 1657 Qrsam
502 1573 644 1657 quisque
664 1571 759 1635 norit
778 1582 907 1647 ortem,
939 1568 976 1633 in
997 1572 1062 1634 hnc
1083 1592 1121 1636 se
1140 1575 1322 1652 exerceat!

200 1668 254 1730 hl.
278 1667 367 1730 Illam
391 1687 470 1729 vero
491 1665 633 1730 funditus
652 1664 811 1728 eliciamus
831 1662 1067 1729 individuorum
1090 1686 1265 1748 corporum
1288 1664 1405 1729 levium
1428 1677 1460 1730 et
1474 1687 1532 1730 ro·

199 1763 368 1825 turdorum
390 1757 635 1825 concursionem
656 1757 842 1824 fortuitam:
881 1778 976 1841 quam
997 1771 1101 1823 tamen
1123 1760 1328 1825 Democritus
1351 1761 1531 1826 concalefa-

199 1864 281 1917 ctam
303 1866 334 1917 et
355 1853 553 1936 spirabilem,
591 1852 625 1916 iel
640 1862 704 1916 est
733 1849 898 1915 animalem
907 1852 933 1929 ⁷,
957 1874 1027 1926 esse
1050 1855 1118 1918 vult
1130 1855 1156 1917 ⁸.
1210 1854 1244 1919 Is
1266 1864 1371 1917 antem
1389 1852 1529 1932 animus,

199 1948 272 2032 qui,
296 1947 322 2011 si
343 1960 391 2011 est
410 1947 546 2012 horum⁹
569 1958 722 2031 quattuor
745 1966 918 2030 generum,
954 1967 997 2010 ex
1017 1946 1168 2032 quibus¹⁰
1193 1947 1298 2011 omnia
1314 1958 1462 2011 constare
1482 1947 1531 2011 di·
1578 1987 1583 1996 ·

200 2052 334 2117 cuntur,
358 2063 400 2104 ex
414 2041 603 2105 inflammata
619 2041 719 2104 anima
734 2051 882 2115 constat,
904 2050 940 2104 ut
958 2039 1156 2122 potissimum
1172 2040 1274 2106 videri
1291 2041 1386 2107 video
1405 2042 1532 2106 Panae-

199 2136 246 2202 tio
257 2138 301 2211 ¹²3
324 2137 491 2219 superiora
514 2145 659 2217 capessat
681 2153 810 2197 necesse
836 2142 898 2196 est.
942 2133 1031 2197 Nihil
1055 2133 1136 2198 enim
1153 2136 1271 2199 habent
1291 2137 1371 2199 haec
1390 2137 1453 2201 duo
1472 2157 1531 2219 ge·

199 2251 275 2293 nera
296 2230 409 2311 proni,
434 2240 465 2291 et
486 2249 603 2310 supera
624 2248 751 2309 semper
772 2237 898 2309 pettmt.
956 2227 1027 2303 Ita,
1051 2228 1119 2291 sire
1140 2228 1351 2312 dissipantur,
1374 2229 1491 2312 procul
1512 2252 1532 2293 a

199 2323 293 2387 terris
310 2322 342 2385 id
356 2323 479 2396 evenit3
502 2322 571 2385 sive
584 2321 771 2405 permanent
785 2332 817 2384 et
831 2333 1022 2387 conservant
1039 2322 1181 2386 habitum
1196 2345 1299 2399 snum,
1322 2325 1421 2392 hoe¹²
1439 2323 1532 2388 etiam

198 2417 300 2503 magis
322 2438 452 2482 necesse
474 2428 523 2480 est
543 2401 688 2481 ferantur
710 2418 748 2480 ad
770 2417 910 2495 caelum,
934 2427 967 2480 et
988 2418 1028 2480 ab
1047 2416 1133 2479 his¹³
1155 2430 1381 2501 perrumpatur
1400 2430 1432 2482 et
1449 2418 1532 2482 diri-

200 2512 293 2574 detur
313 2532 439 2575 crassus
467 2510 520 2573 hic
542 2522 574 2576 et
588 2523 756 2574 concretus
776 2513 852 2586 aie'r,
887 2508 943 2596 qui
960 2521 1013 2574 est
1032 2521 1137 2574 terrae
1159 2510 1342 2594 proximus.
1387 2510 1532 2579 Calidior
1591 2535 1593 2540 ’

200 2616 250 2668 est
271 2604 371 2682 enim,
395 2605 448 2668 vel
469 2603 575 2687 potius
601 2604 783 2682 ardentior,
807 2604 948 2681 animm,
973 2626 1067 2690 quam
1089 2617 1137 2670 est
1150 2606 1203 2669 hie
1219 2608 1296 2682 aer,
1320 2627 1413 2691 quem
1432 2607 1531 2670 modo

200 2696 267 2761 dixi
288 2719 427 2763 crassum
450 2710 545 2783 atque
571 2711 777 2762 concretum:
807 2700 903 2784 *quod
925 2720 966 2762 ex
987 2720 1027 2764 eo
1043 2698 1117 2762 sciri
1131 2709 1260 2783 potest,
1295 2698 1367 2783 quia
1389 2719 1532 2782 corpora

199 2802 329 2869 nostra,
362 2795 528 2857 terreno¹²
559 2792 791 2877 principiorum
826 2814 945 2878 genere
975 2793 1141 2872 conlecta,
1178 2795 1296 2858 ardore
1326 2791 1420 2857 animi
1452 2814 1532 2858 con·

197 2884 373 2950 calescunt.
1214 2955 1215 2960 .

285 2981 385 3044 XIX.
410 2981 462 3044 ts.
486 2980 668 3059 Accedit¹⁵,
685 2992 722 3045 ut
736 3002 777 3048 eo
790 2979 918 3046 facilins
934 2984 1054 3048 animus
1069 2984 1183 3045 evadat
1197 3003 1238 3046 ex
1250 2983 1315 3046 hoc
1329 2983 1404 3044 a'e're
1413 3026 1423 3058 ,
1438 3002 1531 3068 quem
1558 3047 1562 3057 Δ

204 3094 300 3157 saepe
314 3073 375 3137 iam
389 3076 518 3158 appello
527 3076 567 3151 ¹⁶,
594 3097 729 3161 eumque
743 3087 948 3160 perrumpat,
973 3077 1061 3162 quod
1082 3075 1161 3139 nihil
1182 3086 1231 3140 est
1252 3074 1532 3150 animo-velocium

199 3167 290 3231 nulla
303 3169 386 3231 est¹⁷
408 3169 574 3249 celeritas,
599 3190 681 3258 qnae
702 3171 805 3253 possit
828 3193 900 3235 eum
926 3170 1019 3236 animi
1040 3169 1201 3234 celeritate
1219 3171 1426 3233 contendere.
1470 3168 1535 3250 Qui

200 3262 228 3325 si
258 3275 425 3345 permanet
451 3264 657 3349 incorruptus
686 3264 797 3348 mique
821 3264 950 3342 similis,
980 3285 1112 3338 necesse
1137 3264 1220 3328 est¹⁸
1247 3262 1292 3326 ita
1318 3261 1463 3340 lerator,
1497 3273 1534 3325 ut

197 3367 347 3439 penetret
371 3349 406 3421 et
436 3357 556 3421 dividat
577 3380 670 3424 omne
696 3357 819 3422 caelum
839 3360 924 3437 boe,
946 3357 982 3422 in
1009 3378 1075 3443 quo
1092 3359 1212 3434 nubes,
1235 3355 1352 3422 imbres
1382 3357 1533 3441 ventique

274 3595 313 3661 (¹)
332 3624 371 3637 —
389 3603 449 3647 esto
468 3594 560 3651 B'onh.
578 3613 653 3669 snsp.
682 3592 776 3670 (²)eo
793 3609 840 3647 res
858 3595 985 3649 Thomas
1003 3593 1124 3649 Bentleii
1143 3611 1217 3669 susp.
1236 3549 1299 3650 nou¹
1313 3590 1434 3668 improb.
1447 3587 1536 3649 Wol-
1574 3655 1577 3668 Ι

200 3666 246 3723 lio.
283 3668 321 3743 (³)
341 3669 389 3723 Sto
408 3672 440 3725 u.
461 3669 543 3745 (ΡΑ.)
562 3672 629 3725 ΜΙ..
649 3671 741 3727 Gebh.
769 3672 805 3725 D.
833 3670 904 3727 Lall.
923 3672 977 3730 W.
996 3676 1026 3725 in
1052 3669 1103 3726 Ed.
1123 3687 1180 3727 see.
1205 3670 1274 3726 Soh.
1297 3678 1324 3729 2.
1344 3700 1381 3715 -
1405 3685 1456 3720 nse
1474 3697 1494 3709 -
1512 3695 1533 3708 -

200 3748 293 3797 iuuat
312 3743 404 3801 Guetf.
430 3747 472 3800 lu.
499 3747 532 3800 C.
552 3747 584 3800 V.
611 3753 637 3805 t.
657 3761 695 3800 rm
713 3764 763 3799 nso
788 3778 807 3790 -
826 3777 845 3790 ·
864 3752 938 3799 iacet
956 3745 985 3801 b.
1004 3745 1081 3802 BSE.
1100 3745 1154 3805 W.
1173 3752 1205 3800 in
1222 3745 1276 3802 Ed.
1294 3766 1336 3821 pr.
1381 3743 1420 3814 (l)
1437 3764 1476 3800 =
1495 3758 1533 3797 ex
1646 3763 1648 3772 ’

200 3837 264 3873 son.
283 3826 387 3875 intere.
413 3820 493 3875 cvt..
541 3821 579 3890 (⁵)
597 3841 635 3876 =
654 3821 745 3877 learns.
771 3829 856 3876 ettam
874 3823 1026 3878 PABCVL.
1071 3820 1108 3889 (⁶)
1128 3822 1175 3876 Sic
1196 3819 1266 3875 Cdd.
1286 3839 1383 3876 omnes
1403 3816 1533 3874 Bentleii.

201 3895 239 3950 Ι).
258 3917 297 3955 =
312 3913 395 3958 prov.
416 3897 517 3951 Graec.
535 3898 639 3955 Ceteri.
689 3897 726 3965 (⁷)
746 3925 785 3942 -·
803 3918 828 3953 r.
855 3896 888 3949 s'd
910 3906 954 3949 est
972 3899 1122 3949 ammalem
1140 3898 1193 3957 W.
1219 3896 1299 3971 prob.
1319 3897 1400 3952 Rath.
1421 3893 1486 3948 soh.
1505 3898 1534 3947 2.
1571 3911 1574 3918 ·

201 3968 249 4042 [].
274 3969 340 4045 Ego
354 3972 397 4024 his
416 3971 547 4038 liberari,
572 3978 636 4046 quta
662 3973 718 4027 boc
737 3974 892 4045 significatu
906 3991 972 4044 proc.
991 3973 1123 4026 animalis
1141 3977 1187 4027 vix
1211 3978 1368 4041 intrusisset
1387 3971 1534 4044 glossator.
1624 4029 1631 4046 .

202 4046 309 4102 Neutra
327 4065 381 4100 vox
400 4063 485 4118 quom
504 4051 570 4101 setis
591 4066 638 4121 per
658 4066 687 4103 se
706 4048 830 4122 placeret
849 4050 995 4115 Ciceroni,
1029 4064 1175 4119 utramque
1194 4054 1297 4124 posuit.
1322 4048 1380 4103 Cir.
1400 4048 1434 4099 de
1452 4045 1534 4100 htnn.

201 4125 241 4184 δ,
261 4124 286 4189 §.
305 4127 352 4183 15.
370 4122 437 4174 Erit
455 4128 529 4175 enim
546 4129 656 4188 noenu,
676 4125 756 4196 quale
775 4130 830 4191 stt,
847 4125 974 4197 pluribus
992 4132 1123 4177 notatum
1134 4126 1277 4178 vocabulis
1294 4124 1368 4177 idem
1380 4122 1534 4175 declaran-

201 4195 286 4251 utus.
295 4195 347 4252 cir.
360 4196 427 4250 ibid.
438 4202 462 4268 l.
473 4203 517 4257 55.
538 4199 577 4272 (⁸)
590 4198 638 4253 Sic
648 4202 681 4253 R.
695 4200 721 4253 b.
736 4199 794 4256 atu
808 4198 875 4255 cdd.
890 4201 925 4254 D.
934 4201 1004 4254 tall.
1016 4200 1069 4257 W.
1079 4208 1106 4257 2.
1115 4230 1154 4244 -··
1163 4203 1254 4254 voluit
1265 4199 1495 4256 Panstcth.
1506 4203 1533 4253 l.

199 4269 240 4338 (Ψ)
263 4301 302 4315 -
320 4279 346 4324 st
374 4280 418 4324 est
443 4292 481 4325 ex
504 4275 597 4345 reliquo
628 4274 655 4329 k.
681 4277 713 4330 L.
738 4294 771 4329 ex
799 4275 931 4350 interpol.
973 4276 1023 4350 (¹⁰)
1042 4292 1080 4329 co
1098 4276 1169 4328 undo
1187 4277 1295 4332 Nonius
1316 4281 1390 4330 inv.
1411 4280 1534 4328 constat.

196 4345 281 4432 prob..
299 4348 392 4404 Bentl.
441 4349 494 4420 (Π)
513 4377 552 4391 —
566 4355 667 4422 potire.
695 4350 809 4403 vitietur
828 4351 861 4406 P.
881 4351 954 4408 021.
980 4351 1149 4407 PaBsEGV.
1196 4349 1247 4426 (¹⁹)
1267 4380 1303 4394 -
1319 4371 1372 4424 per
1390 4351 1441 4404 hoc
1462 4348 1534 4405 01¹·

199 4423 588 4574 admittit·
613 4425 790 4554 strat
804 4427 923 4570 'afta
941 4425 1010 4558 tt.
1026 4429 1333 4575 attrahit-⁰
1347 4419 1537 4564 Μ).

197 4588 234 4626 eo
253 4573 287 4626 ll.
306 4572 371 4628 Atti.
390 4603 430 4616 -
448 4576 561 4627 Accidit
580 4593 632 4644 eo,
667 4586 698 4629 ut
716 4578 806 4632 Βοιὼ.
825 4594 872 4633 sns
893 4618 901 4634 .
922 4575 970 4653 (-
988 4578 1122 4642 Accedit,
1148 4597 1199 4631 eur
1217 4599 1249 4633 eo
1274 4580 1306 4633 L.
1326 4593 1423 4631 contra
1443 4572 1534 4637 Cdd.,

198 4652 286 4702 esiam
307 4648 381 4724 Col.)
420 4648 470 4718 (Ιὸ)
500 4651 549 4705 Sic
577 4653 609 4705 R.
641 4653 696 4707 aut
727 4654 818 4708 molet.
877 4655 939 4708 ebh.
964 4654 1000 4707 D.
1033 4662 1059 4711 l.
1091 4655 1145 4711 W.
1169 4661 1197 4711 2.
1217 4684 1256 4698 -
1273 4655 1383 4727 appello
1408 4665 1535 4704 crassum

197 4723 384 4778 PABSEML.
403 4724 474 4780 Lall.
494 4753 528 4770 -
547 4745 673 4781 crassum
691 4730 800 4801 appello
820 4729 877 4784 CV.
924 4727 975 4797 (¹⁷)
994 4746 1033 4784 ω
1051 4729 1129 4781 nnlh
1147 4739 1191 4781 est
1208 4729 1282 4782 sarim
1300 4730 1352 4783 Ed.
1372 4743 1425 4782 ret.
1445 4724 1535 4782 Βοιὼ.

197 4825 239 4845 ο-
256 4799 342 4853 lrsee:
362 4801 441 4853 mida
452 4833 479 4864 ‚-
497 4833 517 4846 -
535 4803 701 4856 contendere
721 4805 757 4876 []
776 4806 828 4870 W.
850 4810 880 4860 in
898 4804 949 4860 Ed.
969 4824 1011 4879 pr.
1058 4802 1109 4878 (¹⁸)
1128 4833 1166 4849 -
1186 4806 1228 4858 ad
1244 4812 1288 4858 sus·
1305 4806 1394 4857 stratis
1412 4820 1471 4858 nec.
1492 4806 1535 4852 ese

196 4871 251 4926 Ed.
273 4891 326 4930 ser.
345 4874 494 4940 Bennett&
516 4883 576 4952 ipso
596 4879 675 4952 prob.
1481 4873 1485 4890 “
1545 4870 1548 4878 ’
