3384 5359
661 302 751 373 sun
773 308 867 373 Lm.
890 307 939 373 11.
1411 284 1486 383 261⁴

142 462 214 499 cnm
232 444 359 572 Vicpprio
384 444 584 525 etinmbino:
609 453 735 515 marine,
762 467 821 503 non
844 468 966 506 munere.
1010 449 1104 526 [Apud
1123 452 1288 507 Ciceronem
1307 451 1475 528 Euthynous

141 520 174 574 le
196 527 261 576 itur.
305 521 368 574 ard.

176 541 193 595 ὅ
225 595 306 651 Cer.
325 525 456 651 tidini.
482 597 648 649 Alcidamas
667 584 795 670 quidum,
815 598 912 652 rhetor
930 606 1062 671 antiquus
1080 606 1227 672 inprimis
1245 603 1347 667 nobilis
1359 610 1475 676 scripsit

142 677 234 723 etiam
252 671 445 724 laudationem
464 672 578 744 mortis]
606 675 681 726 iisee
700 673 781 747 plene
800 691 895 728 tecum
916 692 1053 748 pugnent:
1073 693 1137 741 nem
1156 682 1179 730 ei
1199 683 1345 750 inprimis
1364 680 1474 750 nabilis,

143 746 216 817 qnid
238 744 303 800 iacit
326 746 395 800 iliud
413 748 545 818 quidam?
573 747 646 821 quod
667 765 799 820 nusqnsm
820 756 933 823 proprio
953 756 1058 805 nomini
1079 740 1205 819 additur,
1230 759 1284 806 nisi
1310 756 1358 809 nbi
1384 761 1476 828 sigitur

142 821 182 875 de
209 821 327 875 obscuro
357 836 385 875 et
410 828 514 895 ignoto.
559 823 630 896 Lege
657 829 756 896 igitur,
781 825 949 877 Alcidamas
973 827 1140 897 QUIDEM,
1165 827 1265 881 rhetor
1289 835 1419 902 antiquus
1445 837 1477 883 in

138 903 247 970 primis
264 896 366 948 nobilis
385 912 438 950 cet.

225 971 316 1026 Ibid.
342 972 478 1043 Repetunt
497 970 717 1037 abErechtheo,
736 977 814 1024 citius
831 978 919 1026 etium
931 972 1016 1046 filiae
1034 976 1130 1047 cupide
1149 986 1268 1030 mortem
1286 984 1475 1051 expetiverunt

140 1066 201 1121 pro
219 1053 283 1099 vitu
302 1053 416 1117 civitem]
442 1046 537 1115 Quidi
556 1046 591 1098 sn
611 1052 799 1119 expetiverunt
820 1053 949 1103 tontum?
980 1055 1069 1104 immo
1095 1068 1122 1104 et
1147 1056 1251 1124 potitte
1278 1070 1356 1107 sunt:
1387 1071 1416 1110 ut
1442 1075 1476 1109 ex

145 1125 274 1179 Historia
293 1139 400 1176 notum.
439 1123 511 1191 Lege
531 1140 595 1194 crgo
615 1127 675 1176 sine
695 1121 796 1188 dubio,
818 1124 923 1196 Cupide
942 1135 1061 1177 mortem
1079 1125 1390 1182 OPPETIVERUNT.

226 1197 340 1251 *Ibin
367 1199 537 1249 Menoeceus
554 1215 623 1249 vero
642 1215 699 1250 non
715 1205 975 1269 praetermititur,
1001 1206 1047 1272 qul
1066 1203 1178 1252 oraculo
1197 1203 1271 1254 edito
1289 1203 1415 1273 largitus
1433 1212 1477 1256 est

140 1278 262 1346 patriae
279 1291 346 1323 suae
359 1276 538 1341 sanguinem]
557 1273 640 1326 MSS.
661 1279 749 1326 nostri
772 1291 867 1327 omnes
888 1274 1033 1347 repudient
1053 1275 1120 1328 iilud
1134 1277 1245 1331 VERO:
1266 1293 1294 1331 et
1313 1276 1368 1333 duo
1388 1296 1476 1334 veter-

145 1352 233 1412 rimi,
256 1347 373 1418 Quidem
392 1349 506 1399 oracrdo
526 1347 608 1401 edito.
646 1347 728 1402 Unde
748 1336 866 1422 repono:
883 1342 942 1420 'Qui
960 1350 1056 1404 itidem
1074 1353 1187 1404 oraculo
1206 1352 1298 1404 edito.-
1323 1359 1379 1408 ittn
1399 1360 1475 1409 enim

145 1425 258 1477 dixerut
278 1422 368 1476 simile
387 1424 529 1476 oraculum
550 1421 646 1476 datum
667 1440 726 1476 esse
745 1428 774 1477 in
794 1425 879 1479 Codri
900 1443 999 1480 morte.

226 1497 332 1559 *Can
360 1499 463 1553 xutx.
495 1498 732 1572 Lacedaemonius
759 1500 917 1567 Leonidas,
950 1501 1098 1554 Thebanae
1123 1500 1335 1574 Epaminondas
1361 1509 1474 1577 vigent]

148 1571 272 1628 Codices
293 1577 381 1626 nostri
402 1591 516 1638 ornnes,
535 1575 659 1628 thET.
763 1604 768 1613 ·

229 1647 344 1703 *ibic
376 1648 480 1718 Quibus
503 1647 629 1700 videmus
655 1649 790 1717 optabiles
813 1647 897 1703 inisse
925 1666 1029 1704 mortes
1059 1669 1120 1703 cum
1147 1653 1254 1722 gloria]
1287 1652 1335 1707 Sic
1361 1652 1475 1728 quidem

146 1720 322 1788 Lambinus,
343 1722 457 1776 sedulii
478 1740 541 1777 cnm
561 1728 664 1777 nostris
685 1722 765 1776 codd.
785 1725 922 1796 optabiles
940 1734 1045 1778 mortes
1056 1724 1164 1797 fecisse.

227 1797 342 1851 *lbra
368 1800 460 1851 Nemo
484 1817 527 1853 me
552 1800 678 1850 lacrimis
704 1799 832 1864 decoret,
864 1819 915 1852 uec
932 1800 1047 1875 flauere
1063 1802 1138 1872 stetu
1161 1803 1259 1872 Facit]
1293 1802 1340 1857 Sio
1364 1801 1474 1858 codices

147 1874 237 1927 etism
258 1874 448 1939 nostri.,Sed
468 1891 552 1945 quum
572 1875 697 1926 lacrimis
717 1879 772 1928 iam
793 1874 915 1941 dixerut,
945 1881 1026 1930 insne
1045 1891 1102 1942 est,
1121 1876 1194 1950 quod
1214 1878 1289 1931 tddis
1302 1878 1384 1950 stetu.
1422 1879 1475 1931 Vix

72 1994 76 1999 .
149 1948 280 2014 dubites,
301 1954 367 2021 quin
388 1954 531 2023 scripserit
551 1950 656 2003 Ennius
677 1950 836 2003 LESSUM:
863 1949 953 2021 quod,
981 1967 1011 2004 ut
1031 1956 1172 2024 ignotum,
1196 1946 1338 2007 muternnt
1357 1953 1474 2007 librarii.

149 2025 210 2079 Ner
230 2022 345 2090 funera,
364 2029 419 2079 sive
439 2023 539 2079 mulier
558 2025 690 2100 prsefics,
708 2025 810 2076 lessam
829 2028 900 2079 rnihi
919 2024 1013 2081 iaciat.
1051 2028 1134 2081 Nosti
1153 2028 1223 2083 illud
1242 2029 1332 2084 Plauti
1348 2028 1475 2102 (Trucu-

149 2099 220 2154 Μ’
242 2098 268 2155 4⁸
288 2103 322 2170 2⁹
341 2098 477 2229 Nam
493 2193 596 2248 quoque
614 2178 700 2227 etiam
719 2173 899 2227 iuramento
918 2176 1018 2228 lessunt
1028 2173 1109 2249 fecit
1119 2174 1199 2251 filio·

605 2384 607 2387 ⁵
853 2396 858 2407 ι

550 2547 639 2612 AD
682 2548 976 2615 LIBRUM
1019 2551 1075 2615 11.

228 2690 375 2743 *Css.1.
401 2689 522 2781 Necesse
541 2686 653 2761 quidem
672 2690 742 2743 mihi
754 2694 821 2742 'esse
840 2691 979 2765 arbitror]
1004 2691 1069 2744 Duo
1093 2706 1197 2746 veteres
1210 2696 1328 2748 ‘nostrit
1353 2694 1475 2747 Necesse

150 2765 355 2893 m¹b¹*(i¹⁰';‘iit(llil
370 2764 660 2912 gbje‘fibblbnbbhenim
678 2844 709 2890 in
724 2838 901 2912 philosophia
917 2859 1009 2914 pauca
1027 2859 1086 2894 esse
1105 2847 1131 2894 ei
1155 2850 1240 2908 nota,
1268 2848 1312 2894 cui
1336 2861 1392 2895 uon
1416 2849 1476 2896 sint

152 2925 207 2970 aut
226 2916 374 2987 pleraque,
400 2924 451 2966 aut
477 2917 582 2982 omnia]
612 2917 734 2988 Languet
759 2932 825 2969 stne
851 2921 1005 2980 sententia,
1034 2921 1080 2970 cni
1108 2934 1138 2972 tu
1163 2917 1293 2990 opitulari
1313 2923 1421 2973 conaris
1442 2937 1476 2971 ex

153 2991 315 3082 codicibus,
336 2995 382 3060 qui
404 2988 447 3081 (nt
461 2987 558 3082 oredo)
578 3007 671 3115 omnles
692 2987 881 3118 τῧίἑῗυηὲμτοιὲ
890 2992 1094 3119 1323ng
1114 2992 1475 3139 “ebibehtoih’sbhsssbaheg'ff

151 3063 443 3213 νῦαζιξεοΐιτεῗπιῖιτῖ
460 3065 701 3195 gisbhbbbbbpibaud
721 3145 752 3191 itt
767 3085 944 3213 philosophia
962 3159 993 3196 ut
1012 3107 1209 3217 interpolatum
1230 3143 1355 3217 dispungi
1377 3100 1476 3215 placet.

230 3216 247 3252 ¹⁸
254 3212 345 3269 ibid.
373 3214 429 3266 Sed
445 3220 557 3307 ia'vitu
575 3225 668 3268 tumen
687 3220 834 3287 occupata]
856 3220 950 3272 Nostri
970 3234 1066 3271 omnes
1080 3217 1161 3272 MSS.
1181 3217 1232 3269 sed
1248 3227 1343 3270 taram
1361 3223 1393 3270 itt
1410 3224 1476 3272 vita

152 3299 312 3419 ⁰⁶⁶⁸&be
322 3291 905 3437 db!(bbt‘bdsrfflddapbbb‘dbrbdtbbrtbbdum
921 3328 972 3419 aut
990 3365 1141 3438 cupiditate
1160 3374 1210 3419 aas
1229 3368 1407 3436 aegritudine
1424 3346 1477 3422 aut

153 3449 231 3494 metu
248 3439 408 3508 liberemur]
435 3440 518 3495 MSS.
538 3446 626 3493 nostri
648 3459 761 3509 omnes,
780 3442 948 3508 liberentur,
968 3441 1085 3514 quodsi
1105 3446 1222 3515 recipis,
1241 3432 1300 3497 tuin
1319 3442 1475 3499 sddendnm

154 3538 223 3598 erit,
245 3531 351 3602 Quibus
370 3536 455 3604 spissi
476 3537 571 3603 aliqua
589 3552 626 3584 ex
640 3543 727 3606 parte
747 3551 800 3589 cet.
834 3536 867 3588 in
885 3535 967 3589 MSS.
987 3539 1075 3586 animi
1093 3533 1259 3608 compendio
1277 3534 1411 3592 scribitur
1427 3524 1475 3590 it‘:

154 3624 187 3663 ut
206 3607 287 3661 isciie
307 3625 323 3661 n
343 3625 410 3661 soce
429 3613 554 3680 sequenti
575 3625 668 3683 posset
688 3609 861 3663 absorberi·
884 3611 1044 3664 Liberemur
1069 3608 1132 3663 ideo
1157 3616 1250 3665 rninus
1269 3611 1375 3686 pisces,
1402 3611 1477 3687 quod

155 3702 191 3739 eo
210 3699 334 3756 tempore
354 3700 405 3736 nec
425 3691 559 3755 occrspasu
578 3687 634 3737 vitu
655 3685 784 3738 Ciceroni
803 3700 875 3739 esses
894 3703 951 3739 non
970 3686 1111 3740 militetis.

235 3756 350 3812 *ibib
376 3758 513 3829 Quemque
532 3760 664 3831 sperandi
690 3760 756 3824 sibi,
783 3760 897 3813 etmdem
916 3771 944 3813 et
962 3761 1029 3821 bene
1047 3760 1158 3813 dicendi
1168 3760 1261 3834 finem
1275 3756 1476 3834 proponerent]

142 3833 236 3889 'Nulli
258 3853 291 3886 ex
308 3839 410 3888 nostris
431 3849 584 3905 agnoscunt
603 3831 639 3892 τὸ
656 3835 722 3890 ET:
741 3854 830 3907 neque
849 3841 1001 3890 sententiae
1021 3842 1165 3908 quicquum
1185 3835 1301 3892 coniers.

236 3906 351 3961 *lbra
377 3910 492 3978 Magna
510 3908 611 3960 habere
626 3916 719 3981 possit
742 3912 852 3962 otacilio
876 3914 1043 3983 reliquorum
1065 3911 1290 3982 philosophorum
1314 3912 1477 3982 disciplinis]

161 3986 210 4038 Sic
230 3985 340 4037 codices
360 3983 491 4055 quidem
518 3984 567 4037 sed
587 3984 653 4037 durs
673 4001 699 4040 et
719 3990 851 4039 inusitsta
870 3987 976 4060 phrtsis
996 4002 1052 4041 est:
1080 4003 1107 4040 tt
1132 3985 1238 4039 Idcirco
1264 4003 1400 4058 reponunt
1425 3992 1478 4041 viri
1529 3990 1541 4018 ⁰

159 4058 253 4125 docti,
279 4058 477 4125 Turnebuset
501 4060 667 4128 Lambinus,
694 4063 803 4112 assailia
829 4065 852 4115 Δ
878 4064 1060 4133 reliquorum:
1089 4060 1135 4113 ulii
1160 4062 1184 4114 E
1211 4063 1386 4132 reliquorum.
1424 4065 1478 4116 Vix

161 4133 275 4199 dubito,
301 4142 368 4207 quin
393 4134 428 4187 sb
454 4149 566 4188 suctore
592 4140 644 4201 sit,
669 4136 911 4191 DISCIPLiNAS.
953 4137 1067 4190 Ceterae
1086 4141 1160 4189 enim
1180 4133 1301 4209 (prseter
1320 4135 1477 4211 scepticae)

159 4210 389 4284 philosophorum
408 4226 515 4278 sectae,
535 4227 603 4283 quse
623 4209 657 4264 de
676 4210 805 4265 omnibus
824 4211 905 4265 rebus
926 4210 1034 4265 decretu
1053 4226 1081 4264 et
1101 4209 1228 4283 dogmate
1249 4209 1402 4279 tradebant,
1421 4230 1478 4267 non

161 4304 195 4338 ex
215 4301 292 4357 perte
312 4285 419 4358 alique,
438 4284 486 4338 sed
505 4303 538 4339 ex
557 4301 617 4340 toto
637 4285 866 4340 contradicebant
885 4287 1069 4355 sademscu,
1087 4291 1133 4358 qui
1154 4285 1290 4341 docchint
1310 4288 1382 4341 nihil
1399 4293 1428 4341 in
1447 4307 1477 4343 se

160 4375 323 4434 quocunqne
343 4366 449 4434 percipi
469 4366 584 4414 omnino
604 4378 696 4436 posse.
1066 4425 1071 4432 ι

237 4436 317 4489 Cur.
338 4437 376 4490 11.
403 4439 497 4507 Atque
516 4437 666 4491 Ostiorum
686 4436 794 4509 quidem
812 4437 876 4488 laras
893 4441 938 4489 ita
955 4435 1041 4488 ducta
1059 4435 1095 4487 ab
1113 4434 1209 4487 immiti
1232 4440 1311 4487 venit
1336 4436 1375 4488 ad
1398 4454 1478 4489 sutt-

161 4515 246 4580 mum]
267 4513 341 4565 Ferri
360 4510 471 4583 quidem
492 4513 546 4566 hoo
565 4528 670 4586 potest:
690 4511 739 4566 sed
758 4516 897 4565 venustius
918 4516 980 4574 erit,
999 4517 1021 4565 si
1039 4527 1165 4583 repones,
1183 4513 1273 4581 Atqu
1287 4512 1478 4567 ousiosis

160 4585 270 4658 quidem
288 4587 359 4640 laus.
399 4586 446 4640 ste
465 4603 547 4662 supro
567 4589 589 4650 i,
610 4594 637 4648 5.
674 4588 769 4657 Quare
787 4592 813 4638 si
831 4586 940 4657 aliquid
956 4586 1102 4640 Oratorite
1120 4584 1195 4640 lsndi
1214 4595 1315 4638 nostra
1333 4589 1478 4640 attulimus
1543 4642 1549 4661 ¹

82 4696 83 4703 κ
139 4662 311 4716 =industrio.
351 4663 397 4716 Sic
418 4663 501 4731 siibi,
521 4664 584 4715 laus
601 4668 801 4733 imperatoria;
821 4680 852 4716 ut
872 4662 910 4715 ibi
930 4667 1095 4714 notavimus.

235 4741 253 4773 ⁸
260 4735 350 4792 ibid.
377 4737 556 4811 Philosophia
575 4737 666 4810 [crgo]
684 4737 831 4811 nascutrtr]
863 4738 905 4790 Ex
929 4735 1068 4791 codicibus
1088 4734 1289 4789 recentioribus
1310 4735 1356 4790 elii
1376 4737 1488 4793 ERGO*

163 4813 348 4887 interpolent,
371 4812 420 4866 elii
440 4814 588 4868 sotiis:
617 4812 666 4866 sed
690 4817 830 4868 veterrimi
857 4816 944 4865 nostri
969 4829 1032 4868 curn
1059 4809 1182 4883 pluribus
1208 4811 1325 4865 eliorum
1350 4827 1479 4865 nentrum

132 4950 138 4957 ,
161 4902 324 4967 ιμοιοιιιιι.
370 4888 487 4963 corrigo
512 4904 540 4945 et
565 4888 722 4962 distinguo,
742 4906 786 4942 rex
811 4892 964 4943 sententies
991 4891 1078 4962 ipsias
1104 4884 1211 4941 indole:
1242 4888 1333 4959 Atque
1357 4893 1479 4944 oratoris
