3384 5359
212 325 273 389 286
638 328 866 393 BENTLEII
889 328 1123 426 antium).

213 465 319 519 Utrum
334 467 405 519 illud
421 465 558 521 NECNE
573 468 706 521 vitientur
723 486 811 538 aegre
821 465 996 540 ferendum:
1014 483 1046 523 ut
1066 453 1209 543 mox'cap.
1224 471 1270 528 29.
1307 457 1376 521 Non
1394 476 1439 521 est
1454 485 1544 540 quae-

211 542 346 606 rendum,
369 544 469 595 batuam
490 544 563 596 illud
583 544 723 616 NECNIi
745 550 799 609 sit,
823 543 898 617 qttod
914 544 1055 597 libidinem
1075 553 1204 609 moveat,
1230 544 1282 596 sed
1298 544 1383 596 llbido
1403 550 1467 617 ipsa
1485 545 1547 597 tol-

102 629 106 634 ·
211 617 296 669 lettda
318 626 370 672 est.
406 621 509 692 Postea
529 619 653 704 codiqetn
676 636 754 674 tuum
773 621 934 674 Petrensent
957 624 995 673 ita
1016 618 1119 674 diserte
1139 619 1241 674 habere
1260 619 1394 674 intellexi.

286 712 366 765 cir.
383 713 506 768 XXVII.
526 713 716 782 Aegritudine
734 725 829 767 atatem
845 714 957 765 sublata
969 719 1096 787 propriis
1114 713 1290 780 rationibus,
1310 712 1408 784 quibus
1424 711 1485 764 lteri
1502 717 1547 764 usi

209 805 312 851 sumus,
328 787 530 859 quodammodo
544 795 631 840 etiam
639 797 821 862 paupertatis
833 790 938 842 malum
954 791 1078 858 tollitur]
1099 789 1162 842 Non
1175 789 1267 862 placet
1281 787 1350 842 iilud
1360 794 1541 861 paupertatis
1648 815 1649 842 t

164 875 170 888 ¹
212 863 336 915 maltum:
368 869 471 938 quippe
494 864 614 917 alienum
641 881 683 919 cst
712 865 752 918 ab
770 866 823 918 hac
849 864 1056 938 disputatione,
1086 863 1241 918 concedere
1266 879 1460 938 paupertatem
1485 880 1544 916 esse
1648 869 1649 872 ’

210 937 329 992 malum:
356 938 454 992 deinde
473 945 497 993 si
519 940 671 1008 aegritudo
693 945 806 993 omnino
827 941 940 992 sttblata
962 946 1017 1007 sit,
1044 957 1100 992 non
1121 939 1341 1010 quodammodo,
1363 937 1411 992 sed
1433 955 1542 1012 prorsus
1648 949 1649 952 ’

212 1018 326 1068 omnino
347 1021 517 1088 paupertatis
537 1013 642 1068 malum
662 1013 779 1070 tollitur.
818 1014 1009 1087 Quamobrem
1027 1034 1086 1068 non
1109 1031 1177 1068 auro
1200 1031 1298 1068 contra
1318 1029 1382 1067 esra
1403 1033 1446 1068 est
1467 1015 1544 1069 Paia-

210 1094 262 1142 tini
290 1089 397 1143 codicis
419 1090 523 1156 lectio,
546 1107 629 1163 quam
649 1090 813 1145 Gebhardus
834 1108 984 1157 memorat,
1008 1098 1095 1143 etiam
1110 1095 1292 1162 paupertatis
1309 1089 1465 1142 NOMEN
1483 1092 1542 1141 tol—

209 1164 288 1218 litur.
329 1168 511 1219 Rectissime:
534 1171 666 1239 namqui
686 1168 758 1221 nihil
780 1165 933 1230 desiderat.
957 1163 1031 1220 nihil
1054 1165 1108 1220 sibi
1131 1165 1225 1220 deesse
1247 1170 1373 1238 queritur
1395 1181 1442 1218 aut
1465 1180 1541 1237 aegre

209 1238 279 1306 lert,
300 1258 349 1294 cur
369 1257 472 1314 pauper
493 1256 534 1295 est
555 1240 714 1297 vocandus?
737 1243 841 1298 Seneca
861 1244 950 1317 Epist.
972 1243 1026 1296 ll.:
1050 1243 1196 1307 Honesta,
1219 1246 1310 1313 inquit
1328 1240 1481 1312 Epicurus,
1498 1258 1542 1291 res

209 1323 252 1370 est
276 1316 353 1367 laeta
373 1326 538 1390 paupertas.
576 1318 632 1369 Illa
653 1336 722 1370 uero
745 1335 801 1370 non
828 1327 872 1370 est
891 1326 1063 1391 paupertas,
1090 1321 1116 1369 si
1135 1317 1213 1369 heta
1232 1326 1292 1369 est:
1321 1322 1367 1369 cui
1389 1321 1463 1368 enim
1482 1333 1541 1368 cum

204 1399 376 1462 paupertate
398 1392 466 1443 bene
490 1397 639 1459 convenit,
665 1393 746 1445 dives
766 1402 818 1446 est.

285 1485 366 1538 cir.
386 1485 522 1539 xxv111.
550 1485 608 1538 Sed
634 1491 725 1539 omme
751 1487 886 1539 eiusmodi
908 1485 1089 1560 perturbatio
1114 1489 1201 1538 animi
1227 1482 1386 1558 placatione
1411 1483 1539 1535 abutatur

208 1560 258 1612 illa
277 1551 401 1632 quidem,
422 1579 503 1630 qutun
522 1561 637 1626 doceas„
655 1580 706 1614 uec
723 1562 822 1614 bortum
841 1562 913 1615 illttd
929 1576 1004 1626 esse,
1029 1581 1065 1613 ea·
1084 1562 1269 1631 qualaett'tia
1283 1570 1335 1612 aut
1353 1560 1441 1612 libido
1459 1565 1539 1611 oria-

207 1644 272 1702 tur,
306 1654 355 1687 nec
379 1637 501 1701 maltun,
531 1654 568 1688 ea·
595 1656 649 1709 quo
673 1647 725 1689 aut
746 1648 837 1690 mettis
858 1646 909 1689 aut
933 1637 1099 1709 aegritudo]
1131 1638 1185 1689 Vix
1208 1634 1377 1689 crediderim
1400 1635 1538 1688 'occultius

209 1726 374 1767 auttanatu
393 1709 534 1765 difficilius
555 1711 685 1768 mendum
703 1718 734 1768 in
754 1729 815 1768 toto
836 1714 972 1767 Cicerone
993 1714 1112 1766 latitare.
1153 1711 1202 1765 Vel
1223 1716 1312 1785 prima
1332 1709 1425 1764 fronte
1446 1709 1540 1782 displi-

208 1784 290 1840 cebat
314 1786 381 1840 illud
400 1786 579 1856 placatione,
614 1785 696 1860 idque
723 1790 819 1843 multis
845 1787 1017 1844 nominibus.
1056 1789 1127 1843 Nam
1154 1783 1281 1861 prolecto
1300 1787 1540 1857 perturbationem

208 1865 297 1916 animi
317 1862 478 1933 placatione
506 1862 585 1922 ablui
611 1866 726 1936 perinde
757 1881 799 1919 est
830 1880 864 1917 ac
889 1870 913 1918 si
941 1863 1018 1918 dicas
1040 1863 1166 1916 morbum
1187 1864 1281 1915 levari
1300 1868 1444 1913 sanitate:
1476 1858 1539 1934 quid

207 1937 368 1998 huiusmodi
391 1942 538 1992 sententiis
560 1939 742 2012 proficimus?
768 1939 859 1994 adhuc
881 1945 955 1993 enim
980 1944 1155 2011 quaerimus,
1178 1936 1250 1990 unde
1273 1943 1326 1990 ista
1350 1937 1473 2010 placatio
1495 1951 1541 1990 ant

210 2016 316 2066 sanitas
337 2016 374 2066 sit
399 2011 525 2084 petenda.
568 2009 674 2068 lieinde
699 2021 753 2069 ista
770 2017 899 2087 placatio
922 2020 952 2069 in
972 2015 1052 2068 rebus
1072 2019 1192 2068 externis
1220 2014 1267 2065 hic
1289 2017 1417 2084 ponium
1445 2029 1541 2084 nempe

207 2104 251 2142 ret
275 2085 440 2141 formidatas
460 2106 516 2142 non
537 2106 596 2144 este
617 2089 719 2154 malas;
742 2096 894 2163 expetitas,
915 2107 973 2144 non
991 2089 1095 2144 bonus:
1119 2105 1231 2163 prorsus
1251 2087 1378 2143 absurde.
1419 2086 1540 2141 Placatio

208 2168 284 2217 enim
309 2168 403 2237 potius
426 2162 473 2231 fit,
507 2182 590 2235 quum
613 2170 671 2239 ipsa
695 2171 770 2220 intas
794 2165 938 2240 aegritudo
962 2165 1100 2232 leniatur,
1128 2180 1268 2235 utcunque
1294 2180 1323 2215 se
1349 2162 1471 2217 babeant
1497 2180 1538 2217 res

207 2254 346 2293 externae.
385 2238 527 2308 Tandem,
553 2261 602 2294 cur
624 2242 756 2293 abluatur
778 2242 955 2295 subiunctivo
977 2239 1083 2311 modo,
1104 2255 1132 2294 et
1154 2257 1211 2292 non
1235 2243 1328 2312 potius
1347 2238 1471 2289 abbatia·
1493 2238 1540 2291 bic

208 2314 327 2382 dixerit,
351 2314 443 2369 nullus
469 2315 606 2372 videbam.
650 2317 788 2389 Equidem
813 2317 899 2370 semel
924 2332 1006 2386 atque
1033 2321 1135 2384 iterum
1162 2314 1257 2380 locunt
1283 2314 1354 2390 legi,
1385 2313 1538 2384 frustraque

204 2386 323 2444 acumen
339 2389 466 2443 admovit
485 2392 534 2445 sed
549 2410 615 2448 mox
631 2392 761 2466 perlectis
778 2409 848 2462 quae
866 2409 1019 2464 sequuntur
1035 2390 1070 2444 ad
1085 2409 1176 2444 verant
1192 2389 1343 2442 lectionem
1362 2394 1441 2460 qnasi
1457 2406 1537 2442 mann

103 2470 110 2491 ¹
208 2465 307 2519 ductus
325 2482 398 2532 sum.
436 2466 492 2532 Ea,
515 2472 544 2521 ni
562 2468 639 2521 valde
655 2465 753 2532 fallor,
774 2472 815 2522 sic
836 2467 981 2522 schabest
1004 2467 1061 2519 Sed
1077 2467 1190 2537 QUUM
1209 2470 1300 2517 omnis
1318 2464 1455 2519 eiusmodi
1470 2483 1537 2536 per-

208 2540 335 2596 turbatio
350 2541 504 2596 DUPLICI
525 2543 689 2598 RATIONE
708 2544 859 2596 abluatur:
882 2541 928 2596 illa
946 2541 1055 2613 quidem
1071 2560 1158 2612 quum
1169 2540 1270 2592 doceas
1288 2559 1339 2591 nec
1353 2540 1457 2592 bonum
1470 2536 1539 2591 titul

206 2635 283 2682 esse,
319 2635 356 2668 ea
380 2633 434 2686 quo
455 2619 568 2673 laetitia
589 2626 641 2670 aut
661 2618 748 2671 libido
770 2625 902 2671 oriatur:
940 2636 990 2670 nec
1015 2618 1135 2682 malum,
1168 2634 1206 2667 cta
1226 2633 1279 2688 quo
1301 2625 1354 2669 aut
1374 2624 1466 2667 metus
1490 2621 1538 2667 aut

206 2691 376 2761 aegritudo:
400 2701 595 2746 verumtamen
620 2695 690 2748 haec
714 2689 758 2747 e'st
777 2704 857 2748 certa
876 2703 904 2746 et
919 2699 1040 2766 propria
1059 2697 1192 2758 sanatio,
1212 2697 1237 2742 si
1255 2691 1358 2742 doceas
1374 2696 1454 2761 ipsas
1467 2710 1538 2762 per-

207 2768 385 2822 turbationes
402 2785 455 2837 per
474 2781 581 2821 seesse
603 2771 741 2836 vitiosas,
763 2788 812 2822 nec
830 2769 932 2822 ltabere
951 2768 1098 2839 quidquam
1115 2776 1167 2819 aut
1185 2768 1317 2818 natttrale
1335 2775 1387 2818 aut
1406 2785 1538 2819 necessa-

206 2849 290 2904 rlum,
331 2840 431 2909 Vides,
455 2848 571 2916 opinor,
597 2844 736 2918 duplicem
755 2850 893 2899 rationem
912 2842 1096 2898 sanandarum
1115 2841 1356 2916 perturbationum
1375 2843 1423 2894 hic
1439 2846 1538 2896 statui:

207 2938 240 2974 eo
264 2923 340 2974 enim
361 2923 514 2991 respiciunt
534 2920 627 2975 ILLA
645 2936 673 2974 et
692 2920 808 2974 HAEC.
846 2922 1034 2976 Posteriotem
1053 2920 1126 2972 hanc
1147 2933 1240 2971 noster
1258 2923 1347 2991 magis
1368 2917 1483 2990 probast
1505 2915 1538 2970 de

206 3012 265 3067 qua
283 3012 349 3050 max
370 2993 453 3049 verba
476 2992 547 3050 facit
573 2987 635 3069 cap.
654 2997 700 3052 29.
739 2996 834 3065 Quare
858 3001 981 3050 omnium
998 2992 1244 3067 pbilosophorum,
1276 3002 1308 3045 ut
1330 2993 1445 3045 ANTE
1466 2993 1537 3057 dixi,

207 3071 292 3124 UNA
311 3068 431 3123 RATIO
451 3079 496 3122 est
515 3070 641 3124 medendi
647 3091 658 3132 ‚·
679 3078 712 3122 ut
731 3070 803 3122 niltil
819 3073 900 3143 quale
919 3078 957 3123 sit
975 3071 1060 3137 illud,
1081 3069 1155 3142 quod
1165 3069 1312 3141 perturbet
1331 3074 1472 3138 animum
1490 3067 1540 3120 sed

205 3147 240 3202 de
258 3153 322 3222 ipsa
342 3146 614 3218 sitperturbatione
634 3146 788 3200 dicendum.
827 3147 885 3201 Ubi
905 3146 975 3201 illud
994 3163 1075 3200 notes
1094 3146 1194 3213 veliin,
1220 3150 1363 3207 rationem
1382 3145 1456 3208 dici,
1480 3162 1538 3197 non

203 3222 404 3298 placationem.
444 3221 486 3276 De
508 3226 601 3295 priore
621 3222 669 3274 illa
692 3226 733 3274 sic
755 3220 881 3293 loquitur
899 3223 956 3277 hoc
975 3226 1037 3290 ipso
1061 3226 1166 3293 capite:
1191 3220 1245 3272 illa
1267 3227 1362 3272 autem
1383 3218 1538 3272 ALTERA

206 3295 327 3355 RATIO
347 3305 376 3347 et
394 3301 504 3363 oratio,
523 3316 593 3367 quae
613 3298 699 3351 sinutl
714 3304 743 3349 et
761 3302 920 3370 opinionem
932 3294 1047 3368 salsam
1067 3297 1145 3348 tollit
1162 3302 1191 3346 et
1209 3294 1418 3363 aegritudinem
1436 3294 1536 3346 detre-

206 3369 265 3435 lut,
295 3369 458 3442 ecquidem
482 3390 551 3426 raro
573 3371 710 3446 proficit,
741 3390 827 3445 neque
850 3372 890 3424 ad
912 3374 1018 3441 vulgtts
1042 3381 1087 3424 est
1114 3369 1281 3424 adhibenda.
1320 3371 1393 3423 Ecce
1418 3371 1536 3421 alteram

206 3451 347 3504 rationem
373 3444 473 3514 habes,
505 3465 562 3501 non
585 3450 787 3519 placationem.
831 3451 917 3503 Recte
943 3452 1028 3521 igitur
1051 3444 1258 3500 emendavimus
1283 3445 1446 3508 Durus!
1467 3445 1537 3497 uA-

134 3549 144 3560 ‘
206 3538 347 3602 Troum
369 3556 458 3611 neque
477 3540 596 3596 multum
616 3541 685 3596 adeo
705 3541 811 3596 abludit
831 3559 846 3595 a
867 3546 1005 3615 scriptura
1028 3540 1155 3594 codicum
1174 3525 1235 3592 a-ai
1236 3539 1409 3611 placatione.
1448 3540 1536 3591 Locu-

206 3620 314 3676 tionem
340 3631 405 3672 vero
432 3614 498 3672 alibi
525 3616 659 3690 habemus
682 3617 796 3672 Tuscul.
819 3619 853 3684 V,
877 3627 921 3675 10.
959 3617 1125 3689 Duplexque
1143 3621 1221 3667 ratio
1243 3614 1469 3686 perturbationis
1488 3619 1535 3666 sit.

208 3690 324 3759 QUUM
356 3705 448 3742 autem
479 3696 664 3759 inseruimus,
693 3709 823 3765 sequente
850 3693 1071 3751 Verttmtamen3
1106 3706 1135 3745 ut
1168 3691 1273 3764 passim
1304 3687 1377 3763 apud
1403 3691 1535 3744 Nostrum
1574 3725 1583 3732 -

206 3769 345 3826 occurrite
375 3765 468 3840 Quum
663 3776 764 3820 tanten.
805 3768 853 3822 Sic
871 3769 1017 3821 Horatius:

433 3838 539 3893 Teucer
560 3842 708 3897 Salamina
726 3852 893 3916 patremque
913 3843 1008 3913 Quum
1022 3838 1165 3913 filgeret,
1189 3856 1283 3895 tamen
1305 3839 1361 3894 teda
1379 3839 1479 3914 Lyaeo
1497 3868 1533 3882 -

207 3912 348 3981 Martialis
368 3917 412 3988 11,
433 3923 459 3977 7.

432 3989 674 4064 nullumquam
688 3989 808 4064 saclas,
826 3989 913 4064 facis
937 4008 1058 4047 attamen
1080 3998 1175 4045 omnia
1198 3991 1275 4044 belle.

168 4093 171 4100 ⁴
283 4083 375 4146 ibid.
401 4084 458 4140 lita
482 4092 576 4140 atatem
601 4086 697 4136 altera
716 4091 792 4139 ratio
811 4096 842 4139 et
860 4091 970 4153 oratio,
987 4099 989 4106 ’
1004 4105 1074 4159 quae
1098 4087 1229 4138 simulet
1250 4088 1408 4155 opinionem
1421 4083 1542 4155 falsam

207 4159 300 4225 tollit,
326 4168 354 4220 et
375 4157 584 4229 aegritudinem
604 4158 747 4228 detrabit,
772 4170 815 4214 est
832 4180 867 4213 ea
886 4161 995 4234 quidem
1018 4161 1129 4228 utilior,
1154 4159 1207 4212 sed
1224 4175 1285 4212 raro
1306 4159 1431 4232 proiicit,
1453 4178 1535 4231 neqtoe

205 4233 311 4296 esfiad
328 4234 433 4304 attigas
451 4233 620 4304 adhibenda]
648 4236 727 4290 Nihil
746 4235 802 4291 vidi
827 4242 925 4290 tetrius
950 4235 1091 4290 foediuste
1119 4241 1171 4290 hac
1195 4235 1330 4295 lectionet
1355 4251 1425 4305 quae
1446 4253 1536 4306 tamen

206 4328 301 4366 amnas
322 4309 425 4380 ubique
448 4310 559 4368 codices
583 4315 749 4382 inquinavit.
785 4311 855 4377 Est,
879 4317 988 4384 inquit,
1009 4314 1123 4378 utilior,
1144 4310 1196 4363 sed
1214 4328 1283 4362 raro
1301 4308 1432 4381 proficit.
1470 4313 1535 4382 Qui,

205 4386 319 4451 malurn,
343 4391 366 4442 ti
388 4404 443 4441 non
456 4382 585 4456 proficit,
604 4388 683 4437 tttilis
703 4405 763 4440 esse
786 4390 910 4461 poterit?
933 4403 980 4441 aut
1000 4386 1066 4460 quid
1088 4395 1202 4441 interest
1222 4390 1295 4439 inter
1314 4386 1410 4438 titilem
1431 4404 1491 4439 esse
1510 4402 1536 4440 et
1648 4371 1649 4416 ³

202 4460 365 4542 proficeret
395 4460 509 4515 Odurs
531 4464 714 4532 interpretum
731 4462 802 4530 ilia,
827 4468 874 4532 qui
898 4464 966 4516 haec
988 4461 1059 4516 ferre
1076 4473 1107 4516 'et
1127 4459 1256 4515 devorare
1276 4463 1444 4533 potuerunt!
1467 4464 1535 4535 Lege

205 4542 323 4596 minima
345 4534 524 4594 alterationet
550 4534 604 4587 Est
626 4553 660 4590 ea
684 4537 792 4608 qttttlem
813 4538 1027 4605 SUBTILIOR,
1060 4538 1112 4590 sed
1131 4556 1200 4602 raro
1219 4535 1353 4609 proficit,
1382 4554 1468 4607 neque
1496 4544 1536 4588 est

205 4614 246 4672 ad
261 4614 366 4680 attigua
385 4609 550 4673 adhibenda.
589 4610 667 4664 Nihil
687 4618 791 4668 vetius:
813 4614 855 4666 lta
871 4613 977 4667 Seneca
992 4615 1083 4686 Epist.
1101 4613 1249 4668 Lxxxli.
1288 4614 1382 4662 Acuta
1396 4621 1465 4664 sunt
1480 4618 1536 4663 isla

204 4707 275 4759 qttae
295 4688 382 4739 dicis:
405 4686 478 4745 niltil
492 4694 535 4738 est
554 4691 666 4742 acutius
683 4694 791 4754 arista,
813 4688 950 4759 quaedam
972 4690 1086 4741 inutilia
1106 4696 1134 4739 et
1151 4685 1320 4759 inefficacia
1339 4691 1401 4757 ipsa
1421 4689 1535 4740 subtili-

206 4773 253 4823 tas
280 4763 381 4815 reddit.
426 4764 547 4828 Contra,
580 4765 680 4815 cicero
705 4764 746 4818 his
774 4768 841 4837 ipsis
869 4764 1036 4818 Tusculanis
1061 4766 1095 4829 V,
1120 4769 1164 4824 33.
1205 4762 1310 4826 Vides,
1341 4771 1373 4814 ut
1398 4762 1534 4834 Epicurus

205 4838 391 4910 cupiditatum
409 4854 516 4904 genera
536 4836 665 4888 diviserit
671 4859 682 4898 .-
712 4858 768 4895 non
786 4844 870 4890 turnis
883 4837 1019 4909 fortasse
1036 4839 1191 4906 subtiliter,
1210 4838 1319 4889 utiliter
1340 4846 1445 4890 tamen.
1485 4839 1535 4891 Ge-

190 4927 297 4973 'tetuut
317 4910 380 4972 ideo
402 4910 533 4968 subtilior
552 4927 611 4968 erat
632 4918 686 4966 itta
704 4918 777 4967 ratio
799 4930 827 4968 et
850 4920 958 4982 oratio,
982 4920 1063 4988 quia,
1083 4913 1162 4970 Nihil
1184 4928 1243 4984 etse
1263 4917 1292 4966 ia
1311 4911 1394 4967 rebus
1414 4917 1535 4967 externis
