3384 5359
83 353 87 362 ·
170 323 211 390 ss
277 395 280 403 ,
428 325 820 396 TUSCULANARUM
841 301 1239 394 olseuumouuu

167 467 270 546 scuti,
305 487 365 533 nec
388 466 499 534 insulsi
519 469 675 549 hominis,
713 465 889 546 ursiculi,
922 468 1108 533 sententiam
1136 468 1238 553 sequi.
1281 470 1328 535 A.
1365 468 1495 553 Quam?

166 562 336 629 nonenim
357 564 447 630 novi.
496 568 556 631 M.
578 560 711 644 Dicam,
742 563 771 628 si
791 573 928 648 potero,
949 553 1086 640 Latine,
1110 562 1172 627 scis
1194 563 1276 629 enim
1298 586 1346 628 me
1368 567 1496 631 Graece
1605 639 1606 646 ἵ

166 656 258 743 loqui
283 657 317 721 in
346 658 466 724 Latino
496 679 644 724 sermone
670 680 734 726 non
766 659 837 744 plus
871 660 997 733 solere,
1035 679 1127 743 quum
1150 658 1182 721 in
1206 661 1333 724 Graeco
1364 659 1496 724 Latine.
1565 667 1570 676 “

166 753 213 825 A.
236 752 282 818 Es
294 763 381 817 recle
402 751 542 837 quidem.
585 755 650 818 Sed
663 776 745 839 quse
757 755 883 818 tandem
905 763 955 817 est
968 751 1154 835 Epicharmi
1170 752 1232 817 ists
1245 753 1423 818 sententia?
1437 756 1495 820 M.

292 848 418 914 Emori
437 848 538 913 nolo:
559 850 621 914 sed
640 871 694 915 me
714 869 789 914 sese
810 858 988 912 mortuum
1008 846 1097 910 nillil
1116 850 1307 926 aestimo&

166 942 214 1007 A.
236 940 303 1005 lam
329 957 475 1027 agnosco
504 943 677 1010 Gdaecnm.
722 944 805 1008 seo²
834 940 984 1027 quoniam
1010 940 1167 1025 coegisti,
1205 944 1493 1017 nicomedensis,

165 1027 224 1119 q‘ui
246 1035 364 1098 mortui
385 1048 507 1114 essent,
532 1055 589 1104 ecs
608 1042 744 1104 miseros
763 1057 829 1101 non
851 1056 940 1110 essc;
963 1035 1103 1119 perfice,
1123 1032 1155 1097 -si
1175 1047 1289 1118 potes,
1312 1048 1350 1099 ut
1369 1057 1408 1100 ne
1424 1057 1494 1100 mo-

165 1128 311 1200 riendum
325 1129 450 1212 quidem
470 1151 556 1209 esse,
581 1131 729 1196 misenum
743 1144 866 1216 putem.
910 1131 963 1194 16.
986 1134 1042 1196 Μ.
1066 1131 1133 1194 Iaso
1152 1129 1256 1193 istud³
1279 1129 1404 1214 quidem
1419 1127 1497 1193 nihil

167 1220 291 1306 negotii
311 1233 379 1312 est:
403 1225 569 1289 sedetiam
585 1226 729 1291 maiora*
746 1226 896 1299 molior..
920 1227 966 1289 A.
990 1217 1182 1307 Quomodo
1202 1225 1267 1289 hoc
1281 1222 1357 1286 nihil
1373 1221 1497 1308 negotii

168 1313 242 1381 est?
263 1325 318 1378 sut
331 1337 414 1401 quse
430 1330 502 1382 sunt
523 1321 669 1385 tssndesn⁵
687 1320 749 1384 ists
769 1318 914 1402 malope?
934 1322 991 1386 M.
1015 1317 1108 1401 Quia,
1132 1317 1304 1404 quonism⁸
1318 1329 1394 1400 post
1409 1337 1496 1382 snos·

165 1420 232 1474 sem
256 1408 334 1474 nihil
354 1423 403 1475 est
424 1413 517 1491 mali,
550 1437 590 1479 ne
612 1436 699 1480 mors
722 1414 846 1498 quidem
869 1424 917 1477 est
939 1413 1072 1488 melanes
1096 1412 1147 1476 cui
1167 1409 1349 1495 proximum
1371 1422 1496 1492 ternpus

168 1515 216 1568 est
236 1515 314 1586 post
334 1508 514 1584 novumn.
534 1507 566 1573 in
588 1530 654 1596 quo
675 1510 751 1574 mali
773 1508 849 1572 nihil
872 1510 961 1572 esse⁸
984 1507 1151 1573 concedis:
1174 1508 1218 1570 ita'
1239 1527 1279 1569 ne
1300 1505 1496 1570 moriendum

73 1661 82 1692 ι
167 1597 293 1683 quidem
315 1621 404 1678 esse,
429 1601 545 1667 malum
567 1615 638 1680 ειη
660 1601 694 1668 ἰ1
715 1615 764 1668 est
785 1601 888 1676 enim,
911 1601 1159 1684 perveniendum
1182 1620 1251 1664 esse
1273 1599 1383 1675 adid,
1409 1600 1497 1685 quod

166 1695 232 1757 non
262 1713 332 1756 esse
364 1695 478 1759 malum
507 1697 709 1761 conlitemssc.
763 1698 808 1761 A.
839 1696 979 1760 Uberius
1007 1694 1086 1773 ista,
1125 1715 1258 1781 quaeso.
1302 1693 1394 1756 Hsec
1414 1691 1496 1756 enisu

166 1785 349 1869 spinosiore
371 1787 479 1871 prius,
514 1801 551 1854 ut
573 1791 746 1865 confitear,
786 1811 834 1853 me
858 1801 997 1874 cogunt,
1035 1809 1130 1874 quam
1153 1799 1186 1851 nt
1209 1787 1374 1851 assentias.
1402 1829 1412 1868 ι,
1432 1787 1497 1850 Sed

167 1900 250 1963 quae
270 1893 344 1946 eunt
365 1904 417 1959 es,
443 1905 524 1968 quae
545 1884 622 1949 dicis
643 1884 696 1948 te⁹
718 1884 840 1949 maiora
856 1883 986 1948 moliri?
1007 1887 1065 1949 M.
1087 1884 1133 1947 Ut
1147 1883 1295 1958 doceam,
1320 1883 1347 1945 si
1360 1882 1491 1964 possim,

167 1994 233 2040 non
255 1977 352 2040 modo
375 1976 490 2040 malum
512 1999 577 2043 non
599 1999 691 2054 esse,
713 1981 771 2043 sed
792 1982 914 2044 bonum
936 1978 1028 2041 etiam
1051 1998 1122 2041 esse
1143 1989 1282 2070 moelem,
1291 1980 1327 2041 ¹⁰.
1358 1980 1405 2042 A.
1419 1977 1496 2039 Non

166 2068 299 2152 postulo
320 2069 353 2133 id
378 2071 524 2155 quidem
561 2093 644 2137 aveo
655 2074 682 2113 ¹¹
704 2081 807 2137 tamen
830 2070 954 2136 audire.
998 2072 1043 2136 tu
1064 2071 1147 2134 enim
1170 2092 1232 2135 noo
1256 2071 1384 2145 efficies,
1408 2070 1497 2152 quod

167 2161 238 2237 viss
259 2174 382 2240 tenen,
406 2186 494 2230 mors
516 2176 552 2228 ut
572 2168 688 2230 malum
708 2186 773 2232 non
796 2166 856 2242 sit,
881 2165 1042 2230 efficiesv.
1086 2166 1149 2230 Sed
1171 2164 1249 2229 nihil
1268 2173 1303 2227 te'
1315 2163 1498 2244 interpelle-

167 2256 235 2322 bo:
256 2256 470 2322 continentem
487 2259 664 2325 orationem
681 2260 789 2324 andire
808 2260 905 2325 malo.
948 2255 1003 2323 l7.
1018 2262 1076 2324 M.
1099 2259 1209 2339 Quid?
1230 2258 1258 2323 si
1278 2270 1310 2324 te
1332 2275 1497 2342 rogavero

169 2348 308 2434 aliquid,
340 2355 439 2417 non¹³
460 2355 694 2442 respondebis?
729 2357 775 2420 A.
799 2353 980 2436 Superbum
1001 2351 1034 2416 id
1055 2352 1180 2439 quidem
1202 2364 1251 2418 est
1261 2355 1304 2417 ¹³:
1340 2355 1414 2428 sed,
1436 2349 1500 2415 nisi

169 2445 248 2528 quid
267 2461 397 2511 neeesse
418 2446 496 2525 erit,
518 2449 604 2520 malo
626 2470 666 2514 ne
685 2469 785 2534 roges
793 2448 834 2510 11.

254 2539 320 2605 ΙΧ.
343 2543 400 2607 Μ.
424 2545 543 2610 Geram
564 2542 622 2608 tibi
643 2563 789 2619 morem„
820 2551 853 2604 et
872 2559 928 2617 es,
965 2562 1047 2627 quae
1068 2541 1136 2619 vis,
1169 2553 1206 2606 ut
1225 2552 1362 2627 ροιοιο,
1394 2537 1499 2623 expli-
1627 2593 1633 2607 .

169 2634 273 2706 csbos
303 2654 365 2701 nec
393 2639 499 2701 tsnisn
526 2638 617 2725 qussi
645 2635 781 2719 Pythius
810 2634 956 2717 Apollo,
994 2645 1083 2699 cesta
1104 2647 1141 2699 ut
1161 2636 1224 2700 sint
1246 2647 1277 2699 ct
1298 2637 1382 2711 fixe,
1407 2653 1499 2722 ¹quius
1594 2639 1595 2642 ’

169 2728 301 2804 dixero3
324 2731 382 2810 sod
402 2742 438 2795 ut
454 2731 664 2795 homunculus
678 2751 758 2795 unus
774 2751 792 2793 c
806 2728 931 2805 multis,
954 2728 1137 2811 probabilia
1151 2729 1336 2796 coniectura
1349 2749 1514 2816 sequens..

168 2822 263 2891 Ultra
285 2824 368 2889 enim
390 2844 457 2909 quo
477 2825 690 2912 progredier,
714 2846 808 2910 qnam
830 2835 865 2887 ut
886 2821 955 2887 veri
976 2825 1100 2900 videam
1118 2824 1277 2899 similiaffi,
1301 2844 1364 2889 non
1380 2825 1498 2888 huben.

170 2915 270 2983 Certo
291 2917 396 2982 dicent
417 2918 492 2997 iifl,
526 2920 582 3002 qui
603 2930 636 2984 et
656 2917 781 3003 percipi
809 2937 963 3001 esposse
985 2917 1116 2999 dicunt,
1139 2929 1226 2984 etse
1248 2918 1406 3000 sapientes
1428 2935 1500 2981 esse

167 3004 376 3096 profitentur.
431 3014 478 3078 A.
509 3015 580 3093 Τιι,
614 3025 650 3078 ot
681 3014 826 3078 videtuce
859 3033 920 3078 nos
951 3015 992 3077 sd
1024 3015 1212 3079 audiean
1243 3013 1348 3097 parui
1378 3031 1498 3077 somus.

170 3105 225 3170 18.
247 3107 305 3172 M.
327 3107 425 3172 Mors
447 3104 546 3191 igilur
572 3106 660 3191 ipsa,
698 3128 780 3194 quse
801 3105 930 3171 uidetur
951 3109 1117 3174 notissima
1138 3131 1191 3173 scs
1213 3128 1303 3173 esses
1341 3104 1497 3192 quidus,

169 3198 306 3283 primum
330 3210 379 3264 est
396 3199 580 3269 uidendum.
634 3201 716 3265 Sunt
737 3201 838 3280 enim,
876 3202 930 3286 qui
959 3203 1128 3269 discessum
1158 3202 1286 3268 animi¹⁸
1311 3222 1331 3264 ι
1359 3217 1500 3283 corpore

169 3301 374 3377 potestesse
396 3304 542 3361 mortem.
595 3295 694 3373 Sunt,
731 3293 786 3381 qni
813 3295 932 3359 nullum
954 3306 1104 3360 censeant
1123 3296 1195 3360 fieri
1217 3296 1408 3368 discessum,
1445 3291 1501 3355 sed

170 3406 234 3482 usus
264 3386 401 3451 animum
430 3398 474 3451 et·
495 3408 616 3472 corpus
648 3388 814 3465 occides-e,
853 3389 1054 3476 animumque
1075 3390 1143 3454 in¹⁹
1164 3411 1305 3474 corpore
1326 3384 1500 3471 exstingui.

170 3480 238 3564 Qui
258 3483 421 3546 discedere
441 3481 577 3548 animum
599 3493 746 3560 censent,
771 3477 823 3546 alli
844 3483 948 3546 statim
970 3483 1135 3567 dissipari,
1159 3484 1212 3548 elii
1233 3475 1286 3546 diu
1299 3498 1498 3565 permanere,

173 3574 226 3639 slii
247 3596 387 3659 semper.
446 3575 533 3658 Quid
553 3576 596 3640 sis
615 3596 720 3661 poseo
742 3574 809 3660 ipse
832 3577 971 3654 animus,
1005 3588 1059 3642 aut
1080 3577 1153 3652 ubi,
1186 3588 1241 3641 ssu
1261 3578 1362 3648 unde,
1385 3592 1500 3657 magns

173 3668 328 3740 dissensio
350 3680 411 3736 est.
455 3670 540 3735 Aliis
560 3691 621 3736 coc
640 3670 744 3756 ipsum
767 3672 889 3736 animus
910 3670 1056 3737 videtum
1086 3693 1127 3737 ex
1149 3693 1214 3757 quo
1236 3667 1432 3743 excordes,.
1445 3687 1500 3729 ve·

177 3834 1494 3870 ffl-

248 3931 287 4009 (1)
306 3962 343 3979 -
368 3938 500 3988 causus
525 3933 584 3990 CV.
620 3931 659 4009 (1)
678 3930 727 3988 Sic
752 3931 795 3987 Μ.
823 3933 855 3987 L.
883 3930 952 3985 lel.
977 3930 1031 3990 W·
1051 3929 1233 3986 2.-σ111.
1254 3925 1453 3983 PABSECVD.
1475 3930 1504 3982 1.

111 4067 120 4081 ,
167 4008 211 4079 (1)
229 4031 269 4070 =
285 4016 358 4063 utne
376 4011 469 4065 ΜΗ).
490 4017 516 4068 1.
562 4007 601 4085 (1)
619 4037 657 4052 -
676 4015 705 4060 et
721 4012 841 4064 maiora,
858 4009 912 4062 Ds.
931 4035 971 4049 -
988 4023 1046 4061 cm.
1066 4025 1093 4064 s.
1110 4005 1161 4057 sed
1178 4010 1264 4057 stiam
1281 4021 1320 4056 ns.
1338 4001 1404 4054 mol.
1422 4001 1455 4056 R.
1476 4011 1505 4054 et

173 4083 234 4141 Pel.
253 4099 319 4140 tres.
366 4084 405 4161 (⁵)
423 4106 462 4143 =
479 4083 593 4137 laubos
610 4091 676 4137 suus
694 4083 759 4138 ML.
810 4080 848 4150 (⁶)
867 4082 916 4136 Sic
935 4083 967 4137 u.
986 4081 1043 4136 clu
1062 4079 1131 4136 edd.
1150 4082 1182 4136 P.
1201 4080 1237 4133 D.
1257 4077 1326 4131 lel.
1346 4077 1399 4135 W.
1420 4077 1447 4130 2.
1469 4082 1506 4120 -·’

172 4160 333 4233 Quondam,
351 4166 378 4213 st
396 4159 602 4216 Ausucum.
623 4166 649 4217 1.
687 4157 726 4229 (⁷)
745 4185 784 4201 -
802 4177 827 4213 ι.
842 4166 910 4231 pose
928 4165 1048 4210 mortem
1066 4171 1194 4231 suspects
1213 4152 1303 4209 Bonh.
1341 4153 1379 4224 (³)
1399 4150 1504 4206 sicu.

173 4234 266 4292 Gebh.
287 4237 368 4310 seqq.
387 4255 426 4291 =
443 4235 516 4289 ullu!
531 4253 592 4288 csse
611 4233 679 4289 moll
696 4232 895 4289 PABSRCVL.
943 4231 982 4306 (1)
1001 4251 1040 4287 =
1057 4240 1085 4285 te
1108 4232 1180 4284 diois
1198 4248 1213 4283 s
1233 4227 1303 4286 021.
1324 4226 1504 4282 commendet

173 4312 261 4369 Goer.
286 4312 397 4366 Acadd.
426 4316 454 4367 2.
479 4329 507 4385 p.
540 4312 604 4372 155.
641 4309 694 4384 (11)
720 4308 769 4362 Slc
795 4310 827 4364 n.
853 4309 897 4364 M.
922 4309 955 4365 L.
975 4307 1067 4363 Gebb.
1086 4309 1124 4363 D.
1144 4317 1172 4365 1.
1189 4305 1243 4363 W·
1261 4311 1291 4362 2.
1309 4322 1348 4360 ·.·.·.
1366 4307 1423 4357 non
1444 4320 1504 4356 sess

172 4395 309 4455 mortem,
328 4374 380 4440 secl
395 4386 422 4442 b.
441 4399 465 4441 e.
484 4403 556 4440 sess.
573 4383 746 4441 usnemu.
767 4382 848 4439 Febr.
868 4382 935 4437 lel.
969 4382 1020 4458 (¹¹)
1046 4412 1082 4427 -
1110 4382 1198 4436 haheo
1218 4382 1249 4435 R.
1270 4377 1361 4435 Gebh.
1399 4379 1450 4454 (¹²)
1470 4401 1505 4422 ···

173 4472 207 4517 ssd
224 4469 298 4518 enlm
324 4461 457 4535 efficias,
475 4496 493 4508 -
512 4493 531 4506 -
550 4478 607 4514 non
625 4457 772 4534 officiose
796 4458 866 4515 011.
886 4457 977 4515 Gcbh.
1015 4456 1067 4533 (¹³)
1087 4456 1135 4512 Slc
1154 4459 1185 4512 P.
1204 4457 1237 4510 Ι..
1256 4454 1400 4518 Inluw.
1419 4459 1447 4510 2.
1465 4480 1506 4498 -

173 4557 266 4593 noune
285 4540 318 4594 R.
335 4535 546 4593 ABSECVMD.
573 4545 612 4603 1.,
631 4534 705 4608 qnod
725 4534 849 4590 delendis
869 4535 955 4589 Gces.
974 4535 1055 4590 dim.
1075 4551 1103 4606 p.
1124 4537 1187 4591 125.
1213 4529 1290 4586 Idem
1305 4549 1367 4594 ‚non
1385 4526 1505 4607 peselers

174 4615 266 4686 lagg.
286 4632 314 4688 p.
334 4617 398 4675 285.
436 4612 487 4685 (11)
504 4640 545 4655 -
561 4620 634 4665 essct
654 4630 670 4666 s
693 4610 761 4667 edd.
781 4612 815 4666 D.
835 4610 907 4666 lel.
925 4637 965 4654 -·
982 4608 1092 4683 superbi
1109 4608 1142 4661 sd
1158 4627 1184 4681 q.
1204 4615 1278 4660 esset
1296 4607 1363 4668 ML.
1395 4604 1447 4680 (1⁵)
1465 4629 1505 4648 ···

174 4691 250 4744 malo
268 4707 325 4743 uon
343 4707 369 4744 r.
387 4704 453 4744 cnm
472 4684 542 4742 011.
560 4690 596 4743 Ι).
617 4686 687 4742 lel.
725 4687 778 4763 (11)
795 4705 812 4740 e
831 4685 902 4742 021.
919 4684 1011 4739 Gebb.
1030 4684 1100 4738 lel.
1120 4691 1147 4741 1.
1167 4685 1219 4746 W.
1239 4688 1267 4739 2.
1285 4701 1324 4738 =
1340 4688 1404 4735 veri
1420 4682 1505 4731 simi-

173 4767 216 4822 da
239 4765 350 4820 videam
378 4766 410 4820 ll.
439 4760 676 4819 PstEcan.
703 4792 750 4809 ···
765 4781 791 4835 q.
819 4771 851 4814 ut
875 4766 941 4813 veri
965 4762 1071 4813 ansilla
1098 4759 1190 4813 dicam
1214 4761 1251 4814 L.
1300 4755 1405 4833 (17)-
1422 4754 1452 4807 ln·
1471 4754 1505 4806 ll.

175 4841 308 4899 Ascvn.
344 4837 397 4913 (11)
415 4867 453 4885 ·-
471 4841 583 4891 animas
602 4836 751 4894 PABSEC.
770 4836 820 4912 (¹⁹)
839 4837 888 4891 Sic
900 4835 969 4893 011.
983 4835 1065 4892 Pvn.
1077 4835 1131 4894 W.
1153 4841 1179 4891 2.
1192 4865 1228 4879 -
1241 4853 1302 4889 own
1318 4830 1505 4889 duodenu-

176 4929 204 4979 1.
224 4914 313 4991 (Hsec
333 4920 506 4986 auiosmuque
526 4945 545 4958 -
563 4943 587 4978 ·.
601 4918 747 4984 exstingui
764 4913 879 4967 uberem
900 4928 916 4965 ι
936 4909 988 4968 cd.
1007 4911 1072 4968 Urs.
1090 4909 1170 4984 prob.
1190 4909 1266 4985 Urs.)
