3384 5359
487 450 1197 593 Attt'c1sslituttivtiti1.

233 662 1517 781 toauutusvtstm¹

290 828 486 909 Virtute,
523 829 721 916 Ingenio,
755 840 796 949 pt
824 830 1074 896 Eruditione
1103 804 1357 915 praestanti,

665 968 688 1027 S
707 970 736 1028 A
754 969 781 1028 L
801 970 828 1030 U
848 971 875 1028 Τ
895 971 928 1028 Ε·
940 969 983 1029 tt.

238 1133 334 1204 Quum
352 1129 541 1205 superioribas
560 1130 637 1183 hisce
652 1128 749 1184 diebus
765 1132 911 1187 Ciceronis
925 1131 1095 1186 Tusculanas
1117 1145 1132 1183 a
1152 1130 1248 1206 praelo
1267 1128 1356 1185 adhuc
1376 1129 1489 1186 maden-

162 1211 210 1264 tes
227 1224 257 1262 es
273 1211 352 1280 quasi
371 1222 492 1260 musteas
513 1206 582 1259 mihi
602 1205 765 1268 obtulissem
795 1214 846 1282 ego
873 1223 965 1261 autern
986 1225 1070 1279 quum
1090 1222 1196 1262 summu
1216 1205 1359 1269 doctrinae
1380 1222 1489 1264 tuaest

162 1283 319 1339 indutriae
339 1282 544 1355 exspectation‘e
564 1280 673 1347 ductus,
694 1297 751 1337 tom
771 1297 798 1335 et
817 1298 883 1336 nota
903 1287 1056 1356 argumenti
1076 1288 1163 1357 ipsius
1182 1282 1317 1353 dignitate
1337 1282 1489 1357 permotus,

162 1365 300 1414 contiuuo
319 1357 400 1411 rebus
420 1357 483 1410 aliis
503 1356 609 1410 relictis
629 1356 834 1412 adlectionem
853 1364 913 1412 eius
934 1377 978 1412 me
997 1364 1198 1413 accinxissem:
1227 1358 1404 1412 utilissimam
1424 1375 1489 1414 sane

162 1450 279 1510 operata
299 1441 328 1488 in
348 1432 421 1486 libro
440 1432 488 1486 illo
508 1431 670 1505 explicando
682 1430 917 1505 emaculandoque
930 1446 1056 1488 navatam
1069 1434 1121 1488 tibi
1135 1448 1195 1487 esee
1209 1429 1291 1486 facile
1306 1431 1489 1509 deprehendi:

161 1511 252 1564 multa
271 1510 311 1563 ibi
330 1507 437 1561 erudite
457 1523 484 1561 et
505 1522 568 1581 apte
588 1524 603 1560 a
623 1507 738 1561 Graecis
757 1506 884 1562 fontibus
904 1512 1038 1571 derisam
1064 1509 1151 1563 multa
1178 1513 1279 1583 partim
1303 1526 1319 1561 e
1345 1507 1489 1564 codicibus

162 1590 279 1662 scriptis
297 1589 422 1649 restitui,
450 1588 554 1656 partim
574 1588 667 1654 sagaci
686 1589 846 1637 coniectura
867 1602 916 1657 per
943 1600 970 1639 te
994 1588 1053 1639 erui
1081 1584 1274 1660 et'exprom13
1303 1584 1376 1638 haud
1401 1600 1489 1661 pauca

161 1662 299 1731 deniqne,
315 1657 457 1711 ¹mendosa
482 1673 510 1711 et
536 1657 671 1724 assata,
697 1656 767 1730 quae
794 1657 913 1713 aliorum
940 1678 989 1715 seu
1015 1665 1153 1714 temeritas
1180 1664 1236 1714 sire
1263 1659 1389 1713 socordia
1408 1664 1490 1714 nimis

161 1736 254 1792 calide
272 1735 315 1788 vel
334 1738 420 1787 nimis
440 1739 578 1806 patienter
597 1731 758 1801 admiserat,
789 1739 848 1788 sois
873 1750 996 1807 quaeque
1022 1740 1173 1789 momentis
1194 1733 1344 1808 ponderata
1364 1738 1443 1790 reiici
1463 1752 1489 1790 et

162 1810 290 1867 refutari.
334 1806 407 1863 illud
433 1824 545 1874 tamen,
573 1820 604 1860 ut
630 1808 676 1873 fit,
704 1815 810 1875 euenit,
839 1807 905 1863 dum
925 1810 1066 1883 voluptate
1086 1824 1181 1883 captus
1202 1810 1308 1885 singula
1328 1809 1492 1864 festinanter

162 1903 308 1963 percurro,
326 1898 359 1938 ιιι
376 1899 464 1958 pauca
485 1883 532 1937 laio
551 1883 620 1946 illic,
640 1898 655 1934 a
677 1898 704 1937 ta
723 1890 828 1938 intacta
848 1901 876 1940 et
895 1890 1100 1961 praetermissa,
1121 1889 1192 1940 mihi
1213 1886 1256 1939 tel
1275 1890 1304 1938 in
1323 1885 1373 1939 illo
1392 1883 1492 1939 lectio·

162 1968 209 2016 nis
229 1961 320 2014 calore
340 1965 408 2014 satis
428 1957 575 2013 commode
594 1957 735 2014 emendari
753 1976 833 2035 posse
845 1961 1019 2025 viderentur3
1040 1959 1173 2033 quaedam
1187 1965 1270 2015 etiam
1291 1975 1307 2013 a
1327 1977 1353 2014 te
1374 1975 1490 2027 tentata,

162 2037 264 2110 quibus
284 2035 402 2099 frustra,
423 2051 453 2088 ut
473 2033 632 2097 uidebatur,
653 2041 826 2090 curationem
846 2036 1021 2100 admoverat,
1042 2037 1150 2091 felitius
1169 2054 1250 2110 posse
1270 2040 1370 2089 sanari.
1408 2034 1492 2107 Quod

163 2113 214 2168 ubi
233 2108 328 2165 nescio
347 2112 413 2182 qui,
443 2126 491 2183 per
514 2122 693 2163 commearem
719 2112 802 2167 credo
829 2117 966 2177 amicum,
997 2108 1031 2162 ad
1056 2128 1135 2165 aures
1162 2127 1222 2179 tuas
1248 2116 1431 2183 pervenisset:
1460 2126 1492 2166 tu

164 2193 300 2242 continno
319 2204 362 2239 me
383 2189 547 2249 contenire,
567 2199 595 2237 et
614 2181 766 2253 obtestari,
793 2203 823 2240 nt
843 2190 867 2238 si
887 2188 1043 2260 quaemihi
1064 2185 1200 2242 eiusmodi
1221 2184 1271 2238 sub
1291 2202 1375 2238 manu
1395 2186 1491 2239 nasce-

163 2278 271 2327 rentur,
291 2279 347 2313 non
368 2275 506 2314 cassarent
527 2274 558 2313 ea
579 2259 682 2313 chartis
702 2268 887 2326 committere,
910 2277 1048 2335 quocum
1069 2257 1131 2314 tuis‘
1144 2268 1200 2313 iarn
1222 2275 1294 2313 nunc
1307 2264 1492 2315 Vertumnum

163 2339 318 2409 Ianumque
338 2335 527 2409 spectantibus
546 2350 601 2387 una
622 2332 778 2391 ederentur.
805 2336 880 2408 Quid
901 2337 1006 2391 multa?
1027 2341 1203 2409 persuasisti,
1223 2339 1393 2409 impetrasti:
1414 2352 1493 2408 prac-

165 2418 263 2467 sertim
284 2410 378 2465 oblato
399 2416 459 2483 ipso
478 2410 567 2477 libro,
587 2427 667 2483 quem
685 2412 883 2466 Norricensem
904 2412 1035 2486 appellas,
1056 2415 1135 2467 cuius
1156 2411 1302 2485 singularis
1323 2416 1491 2485 praestantia

165 2494 223 2543 iam
243 2486 291 2540 din
312 2487 381 2539 mihi
400 2490 512 2559 cognita
538 2499 596 2538 arat
623 2498 705 2556 atque
731 2500 892 2561 perspectu:
921 2493 1024 2561 quippe
1048 2504 1129 2559 quem
1154 2491 1214 2560 ipse
1240 2486 1310 2538 olim
1333 2485 1491 2542 adolescens

165 2568 224 2617 sita
247 2578 275 2615 et
302 2562 411 2634 pulvere
437 2558 589 2614 deformem
609 2559 789 2623 eeoifietnse
808 2563 937 2617 librariae
958 2562 1058 2636 angulo
1078 2566 1218 2636 protraxi,
1240 2574 1274 2613 ut
1300 2561 1333 2615 ad
1359 2561 1493 2615 illustrio-

164 2656 226 2693 rem
245 2638 338 2690 locum
357 2636 453 2690 beatus
473 2635 652 2695 oouoederett
672 2636 893 2701 Bibliothecam,
913 2636 995 2704 dico,
1015 2638 1075 2690 Viri
1095 2643 1198 2693 summi
1219 2636 1371 2693 totttttis
1393 2636 1491 2694 ttoni

164 2711 829 2859 ”elithiii‘itiifiiiiiilii:
854 2710 1359 2844 iiiiii,iisiii⁰¹¹¹iiiii
1379 2726 1492 2854 iiii?

165 2881 222 2937 quo
243 2879 272 2916 tu
290 2876 365 2915 nunc
389 2859 507 2929 frueris,
534 2862 727 2915 humanissimi
747 2864 919 2916 Maecenatis
939 2864 1090 2928 beneficio,
1119 2862 1236 2917 eundem
1267 2863 1341 2915 hunc
1367 2860 1491 2916 codicem

166 2953 255 2993 annos
274 2937 380 3008 aliquot
399 2952 493 2990 mcum
514 2936 611 2991 babuit
638 2936 835 2992 celeberrimus
856 2937 989 2991 Graevius
1008 2939 1026 2996 ὸ
1043 2938 1238 3018 μακαρίτης,
1266 2953 1282 2989 a
1309 2939 1387 2989 cuius
1413 2936 1492 2993 obitu
1574 2972 1577 2985 .

67 3074 72 3083 ,
164 3013 248 3067 bottis
267 3013 357 3066 literis
376 3026 464 3085 paene
482 3010 594 3066 funesto
612 3010 647 3064 ad
666 3012 737 3065 laras
756 3019 884 3085 antiquos
911 3013 1224 3069 sdmsxrevertebstur.
1274 3009 1357 3081 Quod
1383 3015 1406 3063 si
1425 3015 1491 3066 Viro

164 3088 333 3143 doctissimo
352 3103 380 3140 et
399 3089 470 3140 mihi
488 3086 554 3140 dnrn
574 3085 626 3140 isit
647 3093 819 3144 amicissimo
839 3093 894 3144 vita
915 3087 1024 3162 longior
1044 3087 1206 3161 obtigisset,
1236 3103 1267 3142 nt
1294 3088 1362 3138 haec
1381 3086 1493 3140 Cicero·

164 3170 210 3218 nis
232 3162 430 3236 Philosophica
448 3168 508 3235 pari
528 3179 583 3235 qno
602 3177 693 3217 cetera
712 3168 804 3219 nitore
824 3163 958 3238 proferret
979 3169 1007 3217 itt
1028 3163 1135 3224 luccm3
1156 3163 1256 3229 aliam,
1276 3164 1392 3233 opinor,
1412 3161 1494 3213 atho:

166 3256 225 3292 rem
252 3237 303 3291 tihi
331 3236 415 3290 hodie
440 3237 653 3291 concutiendam
679 3236 762 3305 facile
788 3239 961 3294 credidisses.
1009 3242 1128 3305 Varum,
1161 3256 1244 3311 quum
1270 3235 1316 3288 ille
1342 3240 1373 3288 in
1399 3236 1492 3291 medlo

164 3331 183 3366 o
203 3314 257 3366 eris
277 3313 349 3366 clito
369 3312 493 3366 sublatus
513 3329 554 3366 est
575 3332 594 3367 e
608 3312 688 3368 rebus
709 3317 855 3380 humanis,
881 3314 925 3368 Tu
944 3331 1016 3366 metes
1033 3318 1092 3366 eris
1110 3313 1183 3366 alter
1209 3312 1244 3364 ab
1264 3310 1330 3373 illm·
1358 3311 1493 3365 tutelam

164 3333 202 3442 af
221 3406 255 3440 eo
275 3390 435 3440 inchoatam
455 3385 573 3442 feliciter
592 3403 731 3462 pertexes:
753 3386 953 3463 quamodrem
969 3407 1025 3441 non
1044 3387 1243 3462 poenitendum
1264 3384 1325 3439 tihi*
1337 3384 1492 3442 subsidium

165 3464 404 3536 inManuscripto
425 3480 473 3515 tuo
493 3478 618 3535 paratum
639 3479 691 3521 est.
721 3467 808 3519 Huius
825 3470 910 3539 igitur
923 3476 981 3517 tant
994 3468 1160 3535 praestantis
1175 3461 1340 3535 exemplaris
1351 3467 1492 3533 pactione,
1564 3508 1585 3529 .,

164 3557 224 3595 uon
243 3535 357 3592 difficile
378 3539 430 3591 tibi
449 3534 520 3604 fuit,
542 3552 597 3609 quo
616 3555 661 3591 me
680 3539 762 3593 velles
783 3542 940 3613 perducere.
981 3536 1034 3592 Sed
1053 3555 1104 3591 nae
1124 3554 1155 3592 tu
1175 3542 1308 3612 ingenuae
1326 3536 1493 3610 simplicitu-

166 3619 204 3669 tis
224 3629 305 3686 atque
325 3613 504 3667 indolis'eon
523 3614 641 3686 vulgaris
661 3615 716 3667 hoo
736 3620 879 3687 specimen
897 3612 1019 3670 edIdisti.
1064 3615 1173 3684 Quotus
1197 3618 1271 3667 enim
1298 3618 1413 3685 quisque
1439 3627 1491 3679 est,

167 3705 200 3744 ut
220 3706 294 3742 nnnc
313 3704 377 3742 sunt
396 3706 505 3753 mores,
531 3690 625 3761 quiid
645 3692 736 3762 ipsum
756 3689 830 3761 qnod
850 3706 880 3744 tu
900 3706 978 3755 oras,
1005 3688 1107 3755 ambis,
1133 3707 1191 3761 nop
1210 3694 1239 3741 in
1261 3686 1444 3743 contumeliae
1464 3702 1492 3740 et
1522 3704 1526 3714 ·

166 3764 298 3818 maleficii
318 3763 380 3818 loco
398 3767 534 3838 poneret?
552 3765 654 3836 Ecquis
675 3766 775 3819 horum
794 3766 955 3828 hominum,
976 3770 1022 3836 qui
1041 3781 1115 3817 nuuc
1133 3764 1227 3819 literas
1244 3780 1382 3832 tractant,
1404 3778 1491 3836 aequo

169 3845 263 3893 animo
282 3836 385 3904 ferret,
405 3856 462 3893 non
482 3838 547 3892 dico
566 3844 668 3912 corrigi
688 3854 736 3893 aut
754 3845 901 3912 castigari,
922 3839 970 3894 sed
989 3839 1031 3893 sel
1049 3838 1142 3893 doceri
1162 3842 1331 3911 quicquam?
1356 3836 1491 3908 Equidem

96 3951 102 3959 ·
169 3932 214 3969 me
234 3919 415 3968 commemini
437 3919 465 3967 in
485 3920 675 3988 gravissimam
694 3929 723 3969 et
742 3916 938 3992 inexpiabilem
959 3919 1010 3969 viri
1031 3920 1097 3969 satis
1117 3921 1177 3969 uoti
1198 3916 1378 3967 offensionem
1399 3916 1495 3967 incur-

169 3995 256 4044 risse:
275 3989 381 4044 nudam
401 3991 486 4042 aliam
506 3989 543 4041 ob
563 4006 695 4055 caussam,
715 3995 770 4045 nisi
790 3990 864 4064 quod
884 4006 1045 4064 corruptum
1066 3994 1164 4064 po'e‘tae
1176 3992 1279 4046 Graeci
1291 3989 1383 4043 locum
1398 4004 1493 4039 emen.

170 4063 307 4127 darerim;
334 4082 414 4136 quem
439 4066 486 4119 ille
513 4080 577 4119 ante
603 4064 817 4131 sollicitauerat,
843 4068 934 4121 Musis
954 4065 1080 4120 omnibus
1099 4070 1188 4120 iratis.
1232 4064 1364 4129 Scilicet,
1393 4060 1491 4114 audere

169 4154 470 4269 iiiiii-:⁸3:13¹
490 4139 744 4286 {althaim
771 4144 1491 4285 ‘iii„iis,¹¹²“s‚ii:iii‘5²’iiiiii'ipii

284 4254 293 4271 0
463 4253 471 4280 ι
750 4255 758 4284 ι
941 4256 949 4283 t
1164 4254 1172 4280 t
1479 4243 1492 4257 ⁹

170 4295 226 4345 tias
246 4289 382 4345 multost
401 4305 478 4344 reeta
498 4291 571 4364 quod
590 4295 668 4345 aiunt
687 4298 730 4346 sia
751 4310 807 4346 rem
827 4296 998 4364 reputavisti.
1025 4290 1099 4358 Quid
1116 4296 1190 4344 enim
1207 4290 1259 4347 tihi
1280 4287 1400 4343 obfuerit
1419 4286 1491 4361 apud
1574 4284 1579 4299 ¹

170 4381 274 4437 aequos
294 4371 501 4434 aestimatores,
520 4372 544 4420 si
564 4365 630 4437 quid
650 4369 720 4421 mihi
739 4384 804 4441 apte
825 4373 854 4421 in
875 4384 996 4422 tuentem
1015 4371 1135 4437 venerit,
1156 4382 1182 4419 te
1202 4364 1327 4420 iortassis
1347 4364 1491 4434 effugetiti

169 4460 268 4516 nempe
287 4439 348 4494 aliis
367 4440 589 4497 correctionibus
609 4441 791 4498 subtilissime
811 4448 972 4516 excogitatis
994 4442 1102 4497 abunde
1122 4440 1175 4496 hoc
1193 4455 1371 4514 compensas:
1391 4453 1490 4508 nempe

169 4517 225 4571 hoc
245 4515 316 4571 idem
328 4519 479 4581 Victorius,
500 4520 654 4583 Manutios,
675 4518 836 4583 Lambinus,
856 4519 1001 4581 Gruteros,
1022 4518 1089 4571 alios
1107 4516 1253 4587 effugerat:
1273 4530 1301 4568 at
1316 4530 1384 4586 quos
1399 4513 1492 4567 virosi

170 4592 270 4665 quibus
289 4608 425 4664 nuperum
444 4593 625 4648 Gruterianae
645 4592 775 4647 editionis
807 4610 978 4647 recoctorem
1003 4607 1197 4656 annumerare,
1223 4599 1253 4643 st
1277 4591 1367 4644 stellis
1391 4604 1492 4640 macu-
1531 4608 1537 4621 ¹

170 4669 227 4720 lam
245 4680 381 4738 spargere
400 4667 538 4732 candidis,
558 4670 628 4722 mihi
650 4686 715 4722 sane
734 4670 831 4741 religio
852 4684 903 4723 est.
942 4669 998 4721 Hos
1019 4673 1092 4720 inter
1110 4684 1179 4738 quos
1199 4682 1229 4720 tu
1248 4671 1285 4719 lta
1304 4669 1438 4736 sequeris,
1459 4676 1489 4716 ut

170 4757 252 4814 saepe
271 4758 318 4795 eos
338 4748 531 4815 consequaris,
551 4759 634 4816 saepe
653 4742 816 4809 antecedas,
843 4749 866 4798 si
887 4741 952 4816 quid
973 4742 1024 4796 tibi
1044 4757 1091 4795 aut
1111 4758 1254 4814 peccatum
1275 4740 1346 4793 forte
1367 4752 1489 4790 autnon

172 4833 344 4892 perspectum
363 4815 456 4883 fuerit,
474 4836 533 4871 non
552 4818 729 4886 verebor,-ne
749 4836 765 4871 a
783 4837 827 4872 me
849 4817 1007 4871 admonitus
1027 4815 1179 4871 mordearis
1199 4831 1225 4869 et
1245 4832 1334 4869 mutet
1354 4813 1474 4867 colorem
1480 4828 1489 4873 ς

138 4965 142 4969 ἱ
170 4892 287 4961 nedum
308 4890 382 4966 quod
400 4891 514 4967 quidam
531 4892 623 4979 facore
642 4895 730 4964 solet,
749 4899 884 4970 rumperis
903 4892 1017 4963 insidia,
1036 4892 1094 4950 bile
1113 4909 1139 4951 et
1159 4890 1222 4950 ielis
1241 4896 1418 4959 internectat,
1437 4903 1489 4970 pus
1528 4925 1531 4935 ·
