3384 5359
547 332 641 397 ΗΒ.
664 331 713 397 11.
752 330 874 450 c'ig’
899 329 951 406 19.
980 329 1035 394 20.
1067 317 1070 322 ’
1424 332 1466 397 69

126 476 263 539 brevem
295 472 427 538 esse¹.”
458 501 499 518 -
515 497 520 512 ¹
535 475 630 550 itera
650 473 756 537 dnm’
774 473 896 538 eodem
928 471 997 535 ieta
1021 469 1125 535 miliia
1156 492 1221 536 non
1253 470 1337 536 enim
1363 472 1463 536 satis³

128 549 291 653 utentia,
316 568 393 651 quid
412 589 565 631 summum
580 568 666 632 dicas
685 589 766 644 esse,
789 568 867 654 qnid
882 572 992 632 breve.
1016 577 1057 618 ὲ-
1079 566 1277 641 „Summum
1302 587 1367 649 quo
1385 566 1464 631 nibil

129 664 170 727 sit
182 662 352 746 superius:
374 662 492 739 breve,
516 683 581 746 qno
594 662 671 725 nihil
686 662 830 725 brevius.
856 661 1037 726 Contemoo
1061 660 1303 744 magnitudinem
1323 660 1459 736 doloris,

130 779 147 820 a
171 778 237 843 qua
257 778 307 819 me
331 754 473 819 brevitas
497 756 652 839 temporis
673 755 846 820 vindicabit
873 767 1089 836 anteponere,
1123 754 1395 839 quam-venerit.''
1425 790 1463 804 -

130 852 216 925 Sed,
257 849 351 934 siest
373 861 477 913 tantus
499 851 615 925 dolor,
653 861 790 935 quantus
813 846 1040 917 Philoctetae?
1071 878 1111 894 -
1146 848 1257 920 „Bene
1278 852 1372 930 plane
1396 870 1465 912 ana·

130 945 235 1032 μω*
258 943 335 1007 mibi
357 944 482 1026 quidem
502 945 646 1019 videtur,
671 947 727 1007 sed
749 957 854 1008 tamen
873 961 1106 1010 nonsummns.
1152 941 1239 1005 Nihil
1260 942 1342 1005 enim
1363 943 1462 1018 dolet,

129 1041 190 1104 risi
209 1057 288 1123 pes:
313 1050 446 1120 possunt
461 1039 565 1113 oeuli;
588 1050 696 1120 potest
707 1051 816 1121 capnt,
840 1039 952 1114 latera,
977 1029 1162 1118 pulmoness
1188 1047 1323 1119 possunt
1335 1037 1461 1102 omnia:
1533 1083 1535 1092 .

130 1135 231 1219 longe
254 1132 355 1216 igitur
377 1134 503 1195 abesta
535 1153 657 1197 stimmo
684 1133 812 1198 dolore.
870 1133 985 1215 Ergo,
1022 1129 1142 1213 iuquit,
1182 1131 1277 1194 dolor
1295 1131 1461 1194 diuturnos

129 1228 230 1292 babet
245 1226 382 1290 laetitiae
404 1227 493 1309 plus,
517 1249 611 1311 quam
637 1224 838 1291 molaniae?
861 1255 903 1269 -
925 1224 978 1288 15.
1002 1224 1118 1286 Nunc⁵
1141 1244 1206 1308 ego
1230 1244 1293 1287 non
1316 1243 1460 1305 possum,
1572 1303 1576 1309 ,

131 1333 255 1385 tanturn
278 1320 437 1383 hominem
470 1320 545 1383 nihil
571 1343 701 1405 sapere,
736 1321 864 1388 disere:
897 1323 956 1383 'sed
992 1340 1050 1382 nos
1080 1322 1120 1382 ab
1142 1340 1183 1384 eo
1209 1319 1346 1384 derideri
1367 1333 1462 1401 puto.

132 1416 211 1500 Ego
235 1417 392 1479 stammana
413 1414 559 1479 dolorem
589 1418 758 1493 (summum
783 1427 886 1478 autem
919 1414 1009 1490 dico,
1046 1413 1137 1478 etiarn
1161 1412 1187 1476 si
1211 1416 1319 1484 decem
1349 1415 1462 1477 atomis

133 1520 183 1573 cst
206 1509 310 1574 maior
332 1508 446 1586 alius)
468 1529 532 1574 non
558 1508 710 1573 continuo
734 1508 806 1574 dico
833 1509 924 1573 esse⁵
947 1510 1097 1572 brevem:
1130 1509 1309 1592 multosque
1330 1531 1462 1592 possum

133 1605 241 1669 bonos
261 1604 352 1667 viros
374 1603 557 1678 nominare,
588 1602 642 1687 qui
664 1604 848 1686 complures
872 1625 972 1667 annos
998 1589 1163 1667 doloribus
1195 1605 1359 1689 podagrae
1387 1625 1463 1686 crit·

135 1698 260 1761 cientur
282 1695 437 1760 maximis.
489 1699 552 1761 Sed
573 1698 673 1762 homo
696 1699 805 1761 cstirs⁷
834 1720 994 1784 nunquam
1021 1698 1169 1762 terminat
1190 1719 1250 1761 nec
1271 1696 1463 1781 maguitudi-

134 1791 200 1865 nis‚
226 1813 287 1854 nec
306 1791 518 1856 diuturnitatis
540 1794 686 1865 modum
709 1803 744 1856 nt
765 1792 882 1869 sciam,
906 1793 982 1879 quid
1003 1815 1155 1856 summunt
1180 1795 1261 1855 duat
1281 1792 1311 1855 in
1335 1792 1462 1866 dolore,

135 1885 212 1969 quid
234 1887 336 1948 breve
357 1884 388 1948 in
410 1896 571 1969 tempore.
607 1885 915 1951 ·01nittamushunc
937 1886 1073 1972 igitur⁸,
1097 1886 1176 1950 nihil
1196 1909 1328 1969 prorsus
1354 1887 1461 1950 dicen-

135 1988 218 2042 tem:
242 2000 460 2064 cogamusque
483 1980 648 2056 confiteri,
673 2001 826 2046 nonesse
841 1985 882 2045 ab
901 2002 940 2045 eo
964 1981 1086 2046 doloris
1109 1981 1247 2045 remedia
1268 1982 1460 2068 quaerenda,

137 2071 192 2156 qui
225 2073 372 2138 dolorem
395 2074 549 2138 malorum
573 2073 710 2148 omnium
733 2074 903 2140 maximum
926 2075 1068 2139 dixerita
1100 2076 1242 2160 quamvis
1263 2077 1344 2139 idem
1366 2073 1462 2137 lorti·

136 2168 240 2229 culum
263 2186 301 2229 se
321 2164 352 2228 in
373 2166 562 2232 torminibus
592 2179 624 2231 et
647 2168 677 2230 in
700 2167 881 2250 stranguria
903 2189 959 2231 stra
981 2170 1145 2250 praebeat.
1200 2169 1340 2233 Aliunde
1361 2167 1462 2252 igitur

137 2270 184 2324 est
206 2263 388 2345 quaerenda
408 2260 580 2340 medicina,
605 2273 636 2325 et
659 2257 792 2324 maxime
814 2262 959 2344 quidem,
983 2261 1022 2341 (si
1031 2289 1043 2337 ,¹
1065 2262 1143 2346 quid
1167 2261 1303 2325 maxime
1327 2281 1462 2325 conns·

138 2364 263 2418 tansum
286 2354 346 2429 sit,
381 2356 597 2440 quaerimus,)
620 2357 660 2419 ab
681 2354 739 2430 iis,
763 2354 899 2439 quibus,
923 2357 1011 2440 quod
1031 2357 1199 2420 honestum
1221 2356 1284 2430 sit,
1308 2376 1461 2418 sumtuum

69 2499 77 2513 .
137 2448 276 2523 bouum}
310 2451 397 2532 qnod
418 2462 532 2533 turpe,
566 2472 719 2514 stimmum
748 2435 886 2515 videtur·
900 2451 1029 2514 maliem.
1083 2451 1144 2513 His
1175 2462 1211 2514 tu
1242 2449 1462 2531 praesentibus

141 2562 289 2624 gemere,
323 2554 356 2606 et
375 2543 428 2608 te⁹
449 2544 567 2609 iactare
588 2566 654 2610 non
677 2543 807 2608 audebis
833 2545 997 2628 profecto.
1051 2545 1225 2639 Loquetur
1246 2543 1327 2607 enirn
1350 2563 1491 2630 eorum,

139 2651 218 2700 voce
238 2635 356 2701 Virtus
378 2638 445 2721 ipsa
469 2651 592 2703 tecum:
704 2681 709 2694 .
972 2689 975 2696 ,

220 2731 305 2808 XX.
328 2730 382 2794 16.
407 2735 518 2808 Tune,
552 2741 649 2819 quum
671 2753 792 2816 pueros
814 2734 1077 2811 Lacedaemone,
1109 2727 1324 2814 adolescentes
1348 2733 1461 2811 Olymf

27 2833 32 2878 ῖ
140 2821 228 2905 pise',
241 2826 410 2888 barbaros
423 2827 465 2889 in*
477 2847 590 2905 arena,
615 2826 942 2909 vidersaexcipientes
958 2825 1159 2913 gravissimas
1181 2826 1291 2909 plagas
1309 2837 1340 2908 et
1353 2825 1471 2912 feren-s

140 2927 186 2978 tes
208 2917 354 2992 silentio;
391 2920 419 2983 si
439 2933 472 2984 te
491 2922 579 2986 sorte
600 2923 696 2986 dolor
717 2920 829 3003 aliquis
851 2921 1095 3004 pervellerit¹⁰‚
1125 2919 1317 2984 exclamabis
1338 2930 1374 2981 ut
1393 2937 1461 2982 mst-

63 3026 72 3054 ·
141 3010 221 3075 lieri
252 3013 352 3074 non¹¹
374 3026 560 3086 constanter
581 3027 612 3080 ct
633 3018 740 3080 sedate
761 3014 871 3078 leres‘?
893 3049 936 3061 -
957 3014 1181 3078 Ferri¹²non
1194 3023 1324 3094 potesta
1349 3023 1462 3075 natura

141 3125 201 3170 non
220 3107 355 3189 patitur.
377 3142 419 3154 -
440 3110 561 3174 Asudio.
585 3109 685 3175 Pueri
697 3108 822 3183 serrant,
847 3107 953 3194 gloria
972 3109 1076 3172 ducti:
1098 3110 1204 3172 lerunt
1218 3109 1343 3188 pudore
1359 3106 1412 3169 alii
1421 3107 1460 3182 ¹³,

141 3201 228 3264 multi
249 3212 356 3263 metu:
395 3213 551 3267 ettamen
570 3224 736 3280 veremur,
775 3213 811 3266 ut
831 3204 914 3280 hoc,
949 3206 1037 3287 quod
1059 3214 1161 3266 atam
1191 3202 1295 3265 maritis
1318 3213 1349 3265 et
1374 3204 1462 3286 quod

141 3303 187 3357 tot
208 3295 289 3358 locis
311 3294 513 3378 perferatur,
553 3310 664 3361 uataira
685 3296 824 3380 patiatur
833 3295 887 3359 ¹4?
924 3297 984 3361 Iila
1007 3318 1087 3362 vero
1110 3317 1176 3362 non
1198 3298 1293 3360 modo
1314 3295 1459 3379 patitur,

142 3407 248 3451 rerum
267 3388 360 3452 etiam
375 3392 529 3472 postulat.
574 3393 662 3458 Nihil
679 3390 760 3455 enim
775 3391 876 3454 habet
888 3392 1099 3473 praestantius
1109 3391 1146 3467 ¹⁶,
1171 3390 1264 3466 nihil,
1289 3393 1378 3475 qttod
1395 3409 1462 3452 ma·

142 3479 190 3563 gis
202 3494 351 3566 expetat,
375 3505 468 3568 waso
488 3485 686 3549 honestatem
694 3485 739 3562 ¹⁶,
763 3506 857 3569 quam
872 3484 1014 3559 laudem,
1031 3506 1125 3569 quam
1140 3485 1343 3571 dignitatem,
1367 3505 1461 3567 quam

142 3575 246 3640 deeras.
270 3576 369 3640 Hisce
385 3599 448 3664 ego
463 3579 607 3661 pluribus
623 3577 904 3678 pominibusnnam
917 3599 983 3641 rem
999 3578 1152 3642 declarari
1166 3578 1256 3656 volo,
1270 3581 1328 3642 sed
1338 3577 1460 3653 utor¹⁷‚
1492 3639 1515 3649 „

144 3741 1461 3785 *aq—n--A-——um—-u-

188 3851 250 3916 '(¹)
276 3850 323 3906 dio
347 3852 392 3906 V(
407 3841 497 3908 debu.
523 3854 603 3926 Seqq.
621 3876 660 3913 ..-,
678 3854 789 3906 &maa
817 3870 877 3905 sese
895 3845 1004 3906 messae
1022 3862 1066 3905 est
1084 3854 1267 3908 PARSCML.
1284 3873 1324 3908 a:
1340 3854 1383 3908 br.
1403 3872 1462 3908 mc.

142 3930 183 3973 est
199 3941 257 3977 cass
280 3930 330 3982 Da.
368 3926 410 3997 (⁹)
429 3932 476 3985 Sic
497 3929 561 3984 Mi..
580 3929 671 3986 Geth.
694 3927 761 3984 tait.
784 3939 808 3987 1.
830 3931 881 3984 W.
902 3935 929 3985 2.
950 3958 989 3974 -
1006 3929 1172 3986 iterandum
1191 3927 1261 3983 cdd.
1275 3928 1338 4000 aliq.
1360 3923 1474 3985 Pttsn'

143 3996 222 4053 (Μ).
250 3998 301 4057 cir.
329 4004 420 4057 Attis.
451 4005 503 4068 ill,
524 4008 568 4064 15.
619 4004 657 4071 (ἃ)
676 4034 712 4048 -
732 4021 788 4057 om.
811 4010 884 4055 satis
902 4004 968 4057 ML.
1019 4005 1057 4078 (⁴)
1078 4034 1114 4047 -
1132 4005 1200 4057 bene
1219 4023 1295 4057 sans.
1332 4006 1464 4076 Magnas

145 4069 206 4126 liro.
231 4074 259 4133 Ε.
288 4086 313 4134 1.
331 4107 369 4121 ·-
388 4086 416 4132 ct
434 4097 555 4147 magmas
572 4080 687 4132 videtur.
706 4078 774 4136 Cdd.
796 4079 861 4150 aliq.
881 4078 1030 4134 PABSEC.
1074 4078 1115 4208 g)
1134 4110 1172 4124 -
1192 4081 1272 4133 Hunc
1290 4079 1363 4140 051.
1383 4083 1461 4136 stt.

145 4143 180 4212 (θ)
197 4168 310 4205 :osso
328 4154 390 4206 dico
408 4153 452 4209 dr.
472 4155 503 4208 Β.
522 4156 558 4209 D.
597 4155 635 4221 (²)
654 4159 701 4211 Sic
721 4153 814 4211 Guelf.
834 4156 941 4209 Nonius
962 4174 987 4227 p.
1008 4160 1053 4213 92.
1104 4162 1158 4214 .1.
1178 4156 1231 4213 W·
1252 4161 1277 4212 2.
1298 4155 1332 4208 de
1351 4156 1461 4230 disp-1,

146 4228 188 4281 18.
205 4232 251 4296 qui
269 4236 384 4300 egregie
401 4228 535 4282 cordatus
553 4239 582 4283 at
599 4239 680 4284 cattas
691 4229 767 4302 satit.
786 4246 824 4285 so
844 4240 942 4282 tantm
962 4229 1032 4286 Cdd.
1069 4230 1165 4303 leriq„
1196 4235 1281 4283 etlam
1301 4233 1353 4298 tn,
1372 4249 1404 4286 nt
1424 4238 1465 4287 ui·

152 4292 235 4356 drtnr.
254 4304 483 4360 Psussscvtdt.
512 4306 582 4360 Lall.
603 4305 798 4361 Praeferebant
817 4302 973 4372 Heindorf,
994 4321 1022 4360 et
1042 4249 1171 4360 goarem
1190 4306 1281 4376 Legg.
1301 4325 1328 4378 p-
1349 4314 1398 4368 71.
1414 4309 1464 4376 (⁴-

145 4381 238 4427 umas
256 4378 373 4433 malebat
394 4380 514 4442 Nisaeos
540 4399 627 4452 neque
648 4384 676 4435 id
696 4380 861 4455 displicebat
881 4382 1032 4450 Bentleio.)
1071 4380 1108 4456 (⁸)
1129 4385 1175 4436 stc
1196 4383 1245 4438 Gr.
1267 4381 1357 4436 Gebb.
1379 4389 1464 4454 seqq.

146 4462 182 4499 ’.Ξ
207 4456 294 4518 igliur
322 4454 392 4506 Imm
420 4457 648 4512 PABSECVML.
699 4457 738 4533 (⁹)
756 4487 795 4500 -
812 4474 872 4511 om.
891 4465 918 4508 ts
938 4459 970 4510 R.
1019 4455 1070 4525 (¹⁰)
1090 4481 1128 4497 ι·
1143 4458 1296 4528 percolari!
1316 4458 1388 4515 011.
1412 4459 1462 4512 Cd.

146 4518 205 4577 Urs.
225 4527 299 4583 SEC.
321 4530 374 4586 Sed
394 4528 444 4584 eir.
464 4531 524 4585 Lib.
546 4538 579 4597 3,
608 4535 632 4600 i.
653 4537 698 4593 56.
750 4531 802 4606 (¹¹)
829 4549 870 4584 so
887 4551 938 4583 nec
958 4530 1075 4586 Cantab.
1095 4533 1202 4585 Charis.
1223 4531 1283 4584 Lib.
1304 4538 1330 4588 2.
1351 4552 1377 4604 p.
1399 4538 1463 4592 195.

147 4593 177 4650 Ρ.
195 4599 227 4652 D.
246 4601 296 4675 (¹²)
315 4607 364 4658 Sic
383 4605 448 4661 ML.
468 4607 558 4660 Gebh.
579 4608 659 4666 DW.
680 4616 707 4664 ¹2.
725 4637 764 4650 -
775 4601 849 4681 fieri
869 4605 928 4680 (R.)
948 4607 975 4660 b.
997 4608 1066 4664 Cdd.
1086 4605 1182 4681 pleriq.
1204 4609 1372 4662 rsttsECV.
1396 4609 1462 4667 Lall.

147 4668 193 4742 (Β)
211 4703 249 4719 -
257 4676 382 4750 ferum
401 4683 497 4749 glorio
516 4682 592 4734 dauci
603 4682 728 4754 ferrenis
742 4684 852 4755 pudore
870 4683 921 4733 olli
939 4699 1003 4735 curn
1025 4683 1116 4737 Bcntl.
1136 4685 1263 4735 distinxit
1285 4684 1319 4735 D.
1358 4684 1409 4756 (¹³)
1429 4712 1465 4728 -
1506 4683 1515 4707 ⁸

148 4761 173 4798 n.
204 4766 257 4803 uon
275 4762 407 4825 patiatur
436 4757 505 4814 Cdd.
534 4757 599 4829 aliq.
627 4759 772 4814 PABSEG.
796 4756 889 4814 Gebh.
940 4758 991 4825 (¹⁵)
1009 4782 1046 4817 =
1062 4767 1170 4830 praest.
1191 4757 1273 4808 tabet
1293 4758 1463 4815 PsBsEcv.

148 4817 200 4948 m
203 4828 369 4952 1picenum
395 4830 438 4897 la,
467 4857 504 4874 -·
529 4832 673 4886 honestum
702 4834 794 4889 Geblr.
821 4839 916 4926 tacite.
941 4834 1008 4888 Ern.
1044 4844 1068 4891 1.
1101 4840 1131 4891 2.
1168 4833 1218 4907 (Π)
1243 4833 1290 4885 Sic
1309 4830 1377 4890 cdd.
1398 4834 1464 4909 aliq,

225 4900 276 4961 W·
295 4909 322 4961 2.
340 4936 379 4950 -
398 4915 464 4960 :aar
483 4909 547 4970 eol.
564 4907 592 4964 lt.
613 4927 679 4965 cont
700 4909 771 4964 Cdd.
794 4910 908 4984 plerisq.
929 4909 1099 4967 PABSECV.
1121 4908 1191 4963 Geb.
1215 4907 1281 4961 Lali.
1304 4916 1351 4986 t„

282 5019 288 5034 b

850 5131 857 5168 l

1548 4029 1555 4042 -

1574 4271 1580 4282 ’

1558 4679 1562 4686 ”
