3384 5359
516 270 522 277 “
604 246 729 363 ω.
751 292 822 360 111.
851 292 894 366 c.
917 294 971 361 rs.
993 295 1052 369 si.
1458 294 1500 363 us

227 380 241 423 Ι
759 404 763 411 .
1154 408 1157 411 t

165 435 419 502 Demosthenem
432 434 612 516 inuehitur,
629 434 904 525 quodisscptimo
913 435 964 500 die
974 446 1051 524 post
1061 436 1143 503 filiae
1153 448 1291 504 mortem
1304 421 1427 504 bossuis
1437 436 1497 501 im·
1520 454 1521 457 ’

165 529 352 595 inolevisset
359 533 385 595 ¹.
418 533 466 596 At
483 552 578 618 mam
592 533 771 599 rhetorice!
793 553 888 619 quem
904 531 1054 616 copiose!
1076 554 1155 620 quas
1170 532 1340 597 sententias
1351 530 1496 618 colligitl

165 645 251 710 quac
266 625 368 699 verba
387 631 598 712 contorquet!
619 638 655 691 ut
675 626 773 719 licerq
793 626 920 713 quidvis
940 626 1067 693 rhetori
1086 626 1256 713 intelligas.
1291 627 1382 708 Quae
1401 648 1496 691 nemo

164 720 344 803 probaret,
373 716 435 784 nisi
450 719 577 785 insitum
594 720 722 789 illudio
746 719 857 786 animis
880 722 1088 799 haberemus,
1112 742 1222 786 omues
1240 723 1347 787 bonos
1368 720 1498 790 interitu

164 833 298 878 suorum
321 820 415 899 qnam
434 814 785 900 gravissime‘mserere
804 827 972 899 oportere.
995 818 1050 880 Ex
1067 817 1133 882 hoc
1151 814 1277 892 evenit,
1302 827 1337 879 ut
1353 814 1386 879 iu
1403 814 1497 880 animi
1556 868 1561 875 .
1609 816 1611 839 ³

164 905 337 973 doloribus
350 906 404 972 elii
417 908 603 993 solitudines
617 920 765 994 cupreum
788 922 823 974 nt
840 910 886 974 ait
901 911 1067 974 Homerum
1089 912 1128 974 de
1143 910 1417 994 Bellerophonte,

332 1029 405 1113 (lui
425 1029 530 1094 miser
549 1028 588 1094 in
609 1031 740 1117 eampis
761 1052 920 1096 maerens
940 1033 1082 1097 errabat
1101 1034 1220 1127 Aleis,

338 1127 421 1208 lpse
439 1145 543 1190 ertum
563 1147 625 1191 cor
645 1127 768 1204 edens,
791 1127 970 1225 ¹lrouu'uum
990 1126 1138 1213 vestigia
1157 1127 1282 1191 vitans.

163 1246 212 1310 Et
228 1242 360 1310 Nioua²
377 1245 512 1333 lingitur
529 1247 652 1331 lapidea
673 1260 810 1333 propter
828 1262 1009 1328 ueternum,
1034 1251 1151 1327 credo,
1176 1248 1206 1315 in
1221 1249 1310 1313 luctu
1324 1246 1494 1313 silentium.

162 1342 334 1406 Hecubam
353 1353 474 1421 autem,
496 1355 628 1425 putant,
651 1356 788 1427 propter
806 1343 910 1423 animi,
925 1343 1128 1407 acerbitatem
1148 1345 1306 1430 quandam
1324 1355 1356 1406 et
1374 1342 1494 1406 rabiem

161 1433 246 1518 fingi
273 1433 304 1497 iu
334 1457 444 1499 canem
473 1452 543 1499 esse
568 1457 768 1502 conversam.
813 1441 896 1503 Sunt
917 1450 1020 1503 autem
1043 1438 1115 1514 alii,
1154 1459 1237 1523 quos
1258 1436 1292 1501 in
1313 1438 1401 1533 luctp
1423 1459 1494 1500 cum

160 1528 236 1612 ipsa
257 1528 428 1595 solitudine
450 1529 540 1616 loqui
561 1553 658 1615 saepe
680 1532 834 1611 delectat,
859 1545 894 1597 ut
915 1531 971 1597 illa
993 1535 1076 1617 apud
1098 1531 1236 1598 Ennium
1258 1530 1387 1596 nutrix:
1426 1598 1429 1607 ,

332 1643 469 1728 cupido
488 1644 579 1728 cepit
599 1645 762 1710 miseram
784 1666 875 1710 nuuc
897 1668 952 1712 me
968 1645 1133 1733 proloqui
1299 1636 1313 1651 ’

332 1740 437 1805 Caelo
457 1749 561 1824 atqtee
582 1750 705 1804 terrae·
717 1740 882 1807 Medeat³
904 1740 1078 1806 moesias.
1543 1828 1545 1837 .

249 1851 405 1915 XXVII.
429 1850 484 1915 ol.
508 1851 602 1916 Haec
617 1851 741 1930 omnia,
761 1866 871 1931 recta,
888 1855 999 1930 rera⁴,
1020 1851 1124 1919 debita
1137 1863 1304 1936 putantes,
1327 1846 1492 1918 saciuutin

160 1944 297 2008 dolore:
315 1943 725 2029 maximeq11e⁰declarat⁵,
742 1949 806 2014 hoc
817 1948 908 2036 quasi
923 1948 1020 2015 officii
1033 1946 1150 2033 iudicio
1164 1948 1254 2023 lieri,
1271 1949 1378 2033 quod,
1395 1944 1421 2010 si
1437 1944 1494 2030 qui

159 2039 269 2115 sorte,
289 2061 386 2124 quum
405 2039 462 2103 se⁶
475 2039 507 2103 in
522 2039 611 2105 luctu
633 2061 703 2107 esse
719 2042 856 2119 vellent,
882 2042 1002 2129 aliquid
1021 2043 1168 2107 lecerunt
1188 2040 1373 2117 humanius,
1394 2052 1447 2105 aut
1464 2038 1492 2103 si

159 2130 298 2195 hilarius
314 2130 414 2198 locuti
432 2145 523 2208 stunt,
548 2147 705 2198 revocant
722 2156 757 2199 se
774 2158 884 2201 rursus
900 2139 941 2201 ad
960 2136 1164 2211 maestitiam,
1184 2134 1372 2219 peccatique
1389 2132 1494 2218 seju-

1436 1708 1444 1765 l

53 2300 65 2309 ·
160 2224 329 2303 simulant,
352 2228 440 2313 qnod
454 2228 585 2291 dolere⁷
597 2228 835 2295 intermiserint.
867 2231 995 2296 Pueros
1010 2250 1090 2295 vero
1105 2241 1221 2293 matres
1236 2240 1268 2292 et
1284 2226 1426 2313 magistri
1437 2249 1492 2290 ca·

160 2319 285 2403 stigare
306 2316 398 2383 etiam
414 2320 538 2399 solent,
556 2342 615 2386 nec
633 2323 742 2387 verbis
760 2326 883 2401 solum,
907 2324 1068 2390 sedetiam
1089 2322 1296 2398 verberibus,
1320 2320 1439 2407 siquid
1457 2319 1493 2382 iu

160 2411 342 2478 domestico
360 2412 446 2477 luctu
464 2415 596 2479 hilarius
615 2418 653 2479 ab
671 2416 731 2480 list
749 2417 868 2482 factum
887 2429 955 2494 cst,
976 2430 1031 2482 ant
1049 2416 1187 2492 dictum,
1211 2417 1340 2499 plorare
1355 2424 1492 2502 cogunt.

160 2505 276 2588 Quid?
296 2505 365 2588 ipsa
384 2506 530 2579 remissio
556 2507 662 2572 luctus
684 2532 783 2594 quum
805 2524 854 2577 est
879 2523 1067 2588 consecute,
1091 2507 1389 2594 intellectumque⁹,
1413 2506 1491 2591 nibil

156 2599 282 2683 profici
299 2594 489 2678 maerendo}
513 2624 618 2668 noune
636 2604 726 2667 res¹⁰
742 2605 899 2682 declarat,
919 2605 1018 2668 fluisse
1034 2616 1138 2670 totum
1156 2603 1234 2667 illud
1251 2598 1492 2667 voluntarium?

159 2693 217 2758 65.
232 2692 320 2774 Quid
332 2694 387 2758 ille
399 2698 610 2760 Terentianus
625 2695 693 2779 ipsc
709 2718 743 2761 se
758 2699 925 2781 poeniens,
947 2697 980 2762 id
995 2712 1043 2763 est
1056 2694 1175 2765 ἑαυτὸν
1190 2691 1493 2788 τᾳιωρούμενοςᾞ

331 2808 478 2874 Decrevi
497 2809 669 2895 tantisper
690 2832 743 2874 me
765 2810 880 2897 minus
901 2809 1069 2887 incuriae,

330 2904 474 2969 Chreme
482 2905 520 2980 ῃ,
544 2925 621 2968 meo
642 2903 912 2998 gnalofacere,
937 2905 1020 2969 dum
1031 2903 1130 2984 seam
1153 2904 1270 2970 miser·
1481 2996 1486 3005 ,

158 3012 228 3079 Hic
249 3012 410 3091 deceruit,
430 3028 465 3079 ut
483 3016 578 3081 miser
592 3015 646 3082 sit.
689 3015 862 3103 Numquis
885 3015 984 3104 igitur
999 3017 1169 3103 quidquam
1185 3015 1326 3080 decernit
1345 3010 1492 3079 invitus?

330 3130 434 3194 Malo
455 3130 592 3216 quidem
613 3152 667 3197 me
687 3130 807 3217 quouis
828 3130 974 3216 dignum
996 3129 1170 3215 deputem.
1472 3214 1474 3221 Ι
1555 3120 1562 3127 ’

60 3296 73 3305 .
126 3284 143 3319 ,«
161 3237 259 3304 Malo
281 3260 317 3303 se
338 3240 467 3326 dignum
490 3244 637 3327 deputat,
661 3242 723 3306 uisi
745 3241 840 3306 miser
872 3240 926 3305 sit.
993 3241 1093 3305 Vides
1116 3261 1197 3327 ergo
1221 3240 1379 3324 opinionis
1402 3260 1490 3318 esse,
1541 3320 1543 3329 Ι

161 3351 231 3396 uon
251 3344 382 3397 naturae
404 3335 532 3398 maltum.
574 3336 677 3417 Quid,
698 3338 816 3421 quos¹³
833 3357 886 3400 res
908 3335 978 3419 ipsa
1003 3336 1115 3421 lugere
1143 3335 1318 3419 prohibet?
1347 3346 1381 3398 ut
1403 3337 1489 3428 apud

238 3527 278 3594 (¹)
297 3544 335 3585 :-
353 3528 523 3579 immolasset
541 3528 702 3586 PABch.
741 3531 779 3599 (l)
798 3514 946 3588 :iNlobe
965 3526 1036 3583 Edd.
1056 3544 1120 3581 aute
1140 3526 1230 3583 Gebh.
1255 3526 1293 3597 (³)
1313 3526 1346 3581 de
1367 3520 1491 3585 Turseli

158 3606 300 3671 squteutla
320 3601 472 3656 Fabricius.
493 3592 528 3658 D.
547 3604 619 3659 Lell.
637 3604 690 3662 W.
711 3611 738 3662 2.
758 3632 794 3650 -ι
813 3604 934 3658 Medeae
951 3604 1053 3659 Ceteri.
1076 3603 1113 3671 (i)
1132 3624 1170 3656 =
1188 3622 1274 3670 vera,
1294 3613 1373 3655 recta
1388 3602 1493 3665 PECV.

159 3682 213 3744 (--
237 3695 304 3728 verr
332 3686 412 3729 recta
437 3677 527 3752 sBs.)
574 3677 613 3806 (J
639 3680 687 3734 Sic
714 3680 767 3737 W.
793 3678 823 3737 Ε.
848 3687 874 3735 2.
892 3707 932 3721 ·-
949 3678 1113 3731 declaratur
1133 3676 1201 3733 Cdd.
1223 3683 1308 3733 etiem
1329 3682 1361 3733 tt.
1381 3678 1408 3731 b.
1428 3679 1492 3757 φῦ.

160 3753 253 3807 vML.
283 3752 373 3807 Gebh.
394 3752 462 3810 Lall.
485 3763 511 3813 1.
528 3782 567 3796 ·-
605 3756 760 3808 electantur
778 3753 926 3811 PABSEC.
943 3782 983 3799 -
1001 3753 1164 3821 declarant,
1189 3753 1241 3807 hoc
1259 3760 1340 3828 qicasl
1358 3752 1491 3827 officium

156 3827 262 3880 indicio
267 3825 349 3899 fieri.
368 3828 453 3899 Quod
469 3827 503 3883 de
513 3828 606 3884 Bentl.
615 3828 645 3886 G.
652 3831 686 3887 D.
706 3829 746 3975 (6))
756 3849 772 3885 e
781 3829 851 3885 edd.
862 3829 953 3886 Gebh.
965 3830 1045 3902 Seqq.
1056 3858 1092 3873 -·
1103 3848 1159 3885 om.
1167 3849 1196 3883 ss
1202 3832 1313 3887 Priores
1321 3869 1330 3895 ,
1339 3834 1425 3883 erlem
1435 3829 1492 3883 Vl...

152 3901 196 3975 (7)
215 3929 253 3945 -
273 3902 399 3957 dolorem
415 3902 467 3958 Ed.
487 3920 541 3959 vet.
560 3904 651 3979 Boub.
696 3905 710 3982 (
752 3934 792 3949 -
809 3905 853 3958 lus
871 3909 904 3961 tt.
925 3909 960 3962 D.
997 3906 1035 3973 (⁹)
1057 3904 1105 3959 Sic
1126 3905 1194 3960 bell.
1216 3914 1242 3964 l.
1261 3905 1314 3964 W·
1334 3911 1362 3961 2.
1381 3921 1420 3959 eo
1438 3912 1490 3957 ln-

158 3978 352 4050 telleetumque
379 3986 423 4031 set
453 3978 523 4034 cdd.
543 3986 635 4051 pauci.
654 3982 748 4037 MLD.
766 4010 806 4025 -·
823 3982 1015 4052 intellectoque
1030 3982 1061 4035 ll.
1075 3981 1165 4037 Gebh.
1184 4010 1223 4024 -
1241 3982 1434 4059 intellectqqus
1448 3987 1493 4033 ert
1534 4006 1536 4011 ¹

157 4051 308 4111 Peflsuc.
329 4057 381 4123 (·-
399 4056 570 4109 Intellectum
587 4064 633 4109 est
651 4058 694 4112 El.
715 4061 822 4111 tertlua.
843 4057 934 4121 Mire,
953 4073 983 4111 ut
998 4055 1142 4130 pleraque,
1162 4054 1243 4110 Scin:
1259 4062 1342 4125 „uisi
1356 4054 1428 4129 quud
1442 4062 1492 4110 in-

159 4129 352 4203 tellectumque
370 4129 478 4184 melius,
491 4131 570 4186 abest
597 4130 641 4186 El.
662 4130 794 4207 tertio.”)
841 4133 892 4202 (¹⁰)
911 4147 950 4185 on
967 4150 1025 4188 cm.
1044 4150 1092 4183 res
1111 4132 1195 4199 MD,
1224 4148 1257 4186 ut
1276 4132 1434 4188 subiectum
1453 4137 1492 4187 eit
1530 4195 1533 4201 ¹

157 4209 298 4259 remla-sto.
326 4204 380 4260 Sed
400 4220 523 4279 praestat
539 4205 660 4279 vulgata.
680 4237 719 4253 -
737 4227 769 4260 re
787 4207 840 4263 Du.
860 4208 950 4284 Bonp.
979 4207 1030 4283 (¹¹)
1050 4208 1211 4281 Siquidem
1230 4209 1304 4275 vult,
1325 4210 1491 4263 Terentium
1514 4222 1518 4241 ¹

82 4292 87 4313 ¹
158 4278 260 4335 mellus
283 4278 423 4337 lecturum
449 4279 551 4347 future,
578 4287 602 4336 sl
628 4282 736 4339 fabulae
764 4298 831 4338 snae
858 4282 979 4337 {iudicem
1003 4281 1114 4337 fecisset
1134 4284 1196 4355 lpse
1215 4302 1245 4335 rs
1260 4291 1413 4355 postulem
1432 4301 1491 4337 uon

159 4360 238 4410 cutm
256 4353 377 4411 defuisse
396 4358 563 4423 vocabulum
582 4359 721 4414 [artuum.
760 4358 809 4413 Sic
828 4362 853 4412 st
872 4363 995 4432 ceperis,
1014 4358 1120 4413 rtdebts
1140 4365 1187 4413 rtx
1205 4359 1287 4413 aliter
1305 4358 1427 4414 scribere
1441 4375 1493 4433 pc-

119 4492 121 4499 ,
161 4436 250 4485 tuisse
268 4432 445 4487 theroneus.
484 4430 614 4488 l’utldum
634 4432 994 4500 luissetbtsuouaddirts,
1014 4432 1401 4509 omitterelpsumtndlcems
1421 4449 1491 4507 qnae

160 4522 259 4560 nmen
276 4510 413 4561 muteuue
433 4522 492 4561 erat
511 4506 657 4576 Lemblnl,
677 4526 704 4565 et
723 4508 839 4572 wollin
859 4511 907 4582 qul
927 4510 962 4583 []
982 4509 1014 4561 ld
1029 4539 1049 4554 ·
1061 4539 1081 4554 ·
1092 4527 1171 4589 τιμε
1190 4510 1314 4584 puerile,
1334 4507 1408 4582 quod
1427 4526 1493 4564 sna-

160 4588 202 4637 sit
219 4583 330 4650 noun„
353 4587 462 4657 recepit
489 4584 556 4637 liro.
583 4589 608 4639 1.
628 4613 666 4630 -
685 4585 761 4657 Quod
775 4586 823 4639 llle
841 4585 907 4638 Ter.
927 4581 1039 4643 εαντὸν
1056 4605 1137 4664 up„
1163 4585 1272 4651 idest,
1301 4591 1360 4658 lpse
1384 4602 1414 4638 ee
1430 4603 1490 4658 pu-

158 4662 253 4717 mlem.
273 4658 404 4714 Ceterum
423 4687 459 4702 -
480 4658 557 4728 Quid
572 4656 620 4712 r'lle
638 4660 704 4715 Ter.
730 4655 841 4720 ἑαυτὸν
859 4678 922 4737 τιμ.
941 4659 1072 4714 volebant
1097 4659 1178 4716 Febr.
1197 4676 1225 4715 et
1244 4663 1355 4715 Nissen.
1374 4687 1413 4705 ι·
1431 4676 1491 4720 nm.

162 4732 197 4786 ld
213 4740 258 4785 ert
275 4735 354 4788 Pru.
375 4733 426 4808 (-
440 4740 561 4804 puniens
579 4734 688 4808 llellqul
707 4751 817 4810 prester
835 4737 915 4794 DW.
935 4742 980 4803 2.,
999 4735 1047 4790 aed
1057 4743 1205 4807 poeniteas
1219 4735 1287 4812 (sic)
1300 4732 1369 4791 cdd.
1384 4736 1491 4804 multi.)

164 4807 218 4876 (ίῖ)
243 4807 294 4863 Sic
322 4808 395 4866 le.
421 4810 463 4863 Μ.
483 4808 576 4864 Beutl.
597 4815 626 4867 ln
645 4812 791 4867 Terentio.
808 4829 848 4867 =
867 4808 997 4865 &emes
1015 4812 1118 4866 Ceteri.
1179 4810 1231 4888 (1³)
1250 4829 1315 4867 cum
1334 4809 1407 4869 ede.
1426 4812 1491 4869 lna

165 4900 284 4941 seem.
303 4884 339 4940 D.
359 4883 429 4946 lall-
448 4885 502 4943 W.
521 4891 549 4944 2.
568 4885 742 4960 -quodb
760 4903 777 4941 a
796 4905 838 4963 pr.
858 4902 898 4941 ω.
916 4887 1135 4954 Όιιοή,ὀιίιω
1154 4889 1261 4947 Vhl·
1319 4955 1332 4978 .
