<?xml version="1.0" encoding="UTF-8"?>
<!DOCTYPE html PUBLIC "-//W3C//DTD XHTML 1.0 Transitional//EN"
    "http://www.w3.org/TR/xhtml1/DTD/xhtml1-transitional.dtd">
<html xmlns="http://www.w3.org/1999/xhtml" xml:lang="en" lang="en">
 <head>
  <title>
</title>
<meta http-equiv="Content-Type" content="text/html;charset=utf-8" />
  <meta name='ocr-system' content='tesseract 3.04.00' />
  <meta name='ocr-capabilities' content='ocr_page ocr_carea ocr_par ocr_line ocrx_word'/>
</head>
<body>
  <div class='ocr_page' id='page_1' title='image "./mtulliiciceroni00wolfgoog_0108.png"; bbox 0 0 3384 5359; ppageno 0'>
   <div class='ocr_carea' id='block_1_1' title="bbox 232 254 1299 325">
    <p class='ocr_par' dir='ltr' id='par_1_1' title="bbox 232 254 1299 325">
     <span class='ocr_line' id='line_1_1' title="bbox 232 254 1299 325; baseline -0.001 -6"><span class='ocrx_word' id='word_1_1' title='bbox 232 258 295 320; x_wconf 78' lang='lat' dir='ltr'><strong>toa</strong></span> <span class='ocrx_word' id='word_1_2' title='bbox 495 254 883 325; x_wconf 72' lang='lat' dir='ltr'><strong>TUSCULANARUAI</strong></span> <span class='ocrx_word' id='word_1_3' title='bbox 904 255 1299 321; x_wconf 83' lang='lat' dir='ltr'><strong>DISPU&#39;l&#39;ATIONUM</strong></span> 
     </span>
    </p>
   </div>
   <div class='ocr_carea' id='block_1_2' title="bbox 186 390 1564 955">
    <p class='ocr_par' dir='ltr' id='par_1_2' title="bbox 186 390 1564 955">
     <span class='ocr_line' id='line_1_2' title="bbox 230 390 1358 482; baseline -0.004 -19"><span class='ocrx_word' id='word_1_4' title='bbox 230 399 450 482; x_wconf 64' lang='lat' dir='ltr'><strong>respondem:</strong></span> <span class='ocrx_word' id='word_1_5' title='bbox 665 390 689 435; x_wconf 72' lang='lat'>‘</span> <span class='ocrx_word' id='word_1_6' title='bbox 1356 472 1358 476; x_wconf 21' lang='lat'><strong><em>¹</em></strong></span> 
     </span>
     <span class='ocr_line' id='line_1_3' title="bbox 277 491 1263 577; baseline 0.001 -21"><span class='ocrx_word' id='word_1_7' title='bbox 277 519 281 528; x_wconf 63' lang='lat'>¹</span> <span class='ocrx_word' id='word_1_8' title='bbox 315 492 492 577; x_wconf 76' lang='lat' dir='ltr'><strong><em>Siquidem</em></strong></span> <span class='ocrx_word' id='word_1_9' title='bbox 513 491 573 576; x_wconf 83' lang='lat' dir='ltr'><strong>qui</strong></span> <span class='ocrx_word' id='word_1_10' title='bbox 593 491 829 575; x_wconf 79' lang='lat' dir='ltr'><strong>tempestiuam</strong></span> <span class='ocrx_word' id='word_1_11' title='bbox 852 491 1058 555; x_wconf 82' lang='lat' dir='ltr'><strong>medicinam</strong></span> <span class='ocrx_word' id='word_1_12' title='bbox 1077 493 1263 559; x_wconf 79' lang='lat' dir='ltr'><strong>admoneus</strong></span> 
     </span>
     <span class='ocr_line' id='line_1_4' title="bbox 317 586 1148 671; baseline -0.001 -20"><span class='ocrx_word' id='word_1_13' title='bbox 317 592 400 659; x_wconf 89' lang='lat' dir='ltr'><strong>Non</strong></span> <span class='ocrx_word' id='word_1_14' title='bbox 421 587 468 649; x_wconf 86' lang='lat' dir='ltr'><strong>od</strong></span> <span class='ocrx_word' id='word_1_15' title='bbox 489 588 713 671; x_wconf 67' lang='lat' dir='ltr'><strong>grcirieseeus2</strong></span> <span class='ocrx_word' id='word_1_16' title='bbox 733 589 855 650; x_wconf 84' lang='lat' dir='ltr'><strong>volnus</strong></span> <span class='ocrx_word' id='word_1_17' title='bbox 877 586 989 649; x_wconf 82' lang='lat' dir='ltr'><strong>illidat</strong></span> <span class='ocrx_word' id='word_1_18' title='bbox 1012 608 1148 651; x_wconf 83' lang='lat' dir='ltr'><strong>manus.</strong></span> 
     </span>
     <span class='ocr_line' id='line_1_5' title="bbox 317 680 1561 777; baseline -0.002 -31"><span class='ocrx_word' id='word_1_19' title='bbox 317 682 472 746; x_wconf 85' lang='lat' dir='ltr'><strong>XXXII.</strong></span> <span class='ocrx_word' id='word_1_20' title='bbox 498 683 550 745; x_wconf 85' lang='grc'><strong>11.</strong></span> <span class='ocrx_word' id='word_1_21' title='bbox 574 681 647 745; x_wconf 90' lang='lat' dir='ltr'><strong>Erit</strong></span> <span class='ocrx_word' id='word_1_22' title='bbox 657 680 762 775; x_wconf 45' lang='lat' dir='ltr'><strong>&#39;igitur</strong></span> <span class='ocrx_word' id='word_1_23' title='bbox 776 680 806 744; x_wconf 90' lang='lat' dir='ltr'><strong>in</strong></span> <span class='ocrx_word' id='word_1_24' title='bbox 823 682 1095 747; x_wconf 79' lang='lat' dir='ltr'><strong>consolationibus</strong></span> <span class='ocrx_word' id='word_1_25' title='bbox 1109 684 1214 765; x_wconf 90' lang='lat' dir='ltr'><strong>prima</strong></span> <span class='ocrx_word' id='word_1_26' title='bbox 1235 681 1405 756; x_wconf 87' lang='lat' dir='ltr'><strong>medicina,</strong></span> <span class='ocrx_word' id='word_1_27' title='bbox 1429 682 1561 777; x_wconf 75' lang='lat' dir='ltr'><strong>dpmre,</strong></span> 
     </span>
     <span class='ocr_line' id='line_1_6' title="bbox 186 775 1564 860; baseline -0.002 -20"><span class='ocrx_word' id='word_1_28' title='bbox 186 840 193 849; x_wconf 76' lang='grc'><strong>,</strong></span> <span class='ocrx_word' id='word_1_29' title='bbox 233 789 287 858; x_wconf 82' lang='lat' dir='ltr'><strong>arat</strong></span> <span class='ocrx_word' id='word_1_30' title='bbox 303 777 428 839; x_wconf 73' lang='lat' dir='ltr'><strong>‘nullum</strong></span> <span class='ocrx_word' id='word_1_31' title='bbox 449 775 562 844; x_wconf 86' lang='lat' dir='ltr'><strong>malum</strong></span> <span class='ocrx_word' id='word_1_32' title='bbox 585 796 674 851; x_wconf 90' lang='lat' dir='ltr'><strong>esse,</strong></span> <span class='ocrx_word' id='word_1_33' title='bbox 699 786 752 838; x_wconf 90' lang='lat' dir='ltr'><strong>ant</strong></span> <span class='ocrx_word' id='word_1_34' title='bbox 770 778 937 841; x_wconf 83' lang='lat' dir='ltr'><strong>admodum</strong></span> <span class='ocrx_word' id='word_1_35' title='bbox 958 798 1112 860; x_wconf 76' lang='lat' dir='ltr'><strong>parvums</strong></span> <span class='ocrx_word' id='word_1_36' title='bbox 1137 779 1237 841; x_wconf 83' lang='lat' dir='ltr'><strong>altera</strong></span> <span class='ocrx_word' id='word_1_37' title='bbox 1246 780 1270 854; x_wconf 79' lang='lat'><strong>³,</strong></span> <span class='ocrx_word' id='word_1_38' title='bbox 1295 788 1326 842; x_wconf 89' lang='lat' dir='ltr'><strong>et</strong></span> <span class='ocrx_word' id='word_1_39' title='bbox 1347 775 1564 839; x_wconf 79' lang='lat' dir='ltr'><strong>decommum</strong></span> 
     </span>
     <span class='ocr_line' id='line_1_7' title="bbox 235 867 1564 955; baseline -0.005 -21"><span class='ocrx_word' id='word_1_40' title='bbox 235 871 418 936; x_wconf 89' lang='lat' dir='ltr'><strong>conditione</strong></span> <span class='ocrx_word' id='word_1_41' title='bbox 444 868 548 946; x_wconf 76' lang='lat' dir='ltr'><strong>vitas,</strong></span> <span class='ocrx_word' id='word_1_42' title='bbox 580 882 612 932; x_wconf 88' lang='lat' dir='ltr'><strong>et</strong></span> <span class='ocrx_word' id='word_1_43' title='bbox 636 867 801 951; x_wconf 73' lang='lat' dir='ltr'><strong>propriet,</strong></span> <span class='ocrx_word' id='word_1_44' title='bbox 836 870 957 954; x_wconf 89' lang='lat' dir='ltr'><strong>siquid</strong></span> <span class='ocrx_word' id='word_1_45' title='bbox 977 869 1019 933; x_wconf 89' lang='lat' dir='ltr'><strong>sit</strong></span> <span class='ocrx_word' id='word_1_46' title='bbox 1040 873 1079 932; x_wconf 90' lang='lat' dir='ltr'><strong>de</strong></span> <span class='ocrx_word' id='word_1_47' title='bbox 1099 869 1218 953; x_wconf 86' lang='lat' dir='ltr'><strong>ipsius,</strong></span> <span class='ocrx_word' id='word_1_48' title='bbox 1244 872 1297 955; x_wconf 87' lang='lat' dir='ltr'><strong>qni</strong></span> <span class='ocrx_word' id='word_1_49' title='bbox 1313 880 1474 944; x_wconf 86' lang='lat' dir='ltr'><strong>maereat,</strong></span> <span class='ocrx_word' id='word_1_50' title='bbox 1497 869 1564 929; x_wconf 83' lang='lat' dir='ltr'><strong>dis-</strong></span> 
     </span>
    </p>
   </div>
   <div class='ocr_carea' id='block_1_3' title="bbox 114 963 1559 1050">
    <p class='ocr_par' dir='ltr' id='par_1_3' title="bbox 114 963 1559 1050">
     <span class='ocr_line' id='line_1_8' title="bbox 114 963 1559 1050; baseline -0.006 -20"><span class='ocrx_word' id='word_1_51' title='bbox 114 992 122 1000; x_wconf 56' lang='lat'>*</span> <span class='ocrx_word' id='word_1_52' title='bbox 233 964 454 1050; x_wconf 68' lang='lat' dir='ltr'><strong>putandnm5:</strong></span> <span class='ocrx_word' id='word_1_53' title='bbox 492 964 623 1049; x_wconf 86' lang='lat' dir='ltr'><strong>tertia,</strong></span> <span class='ocrx_word' id='word_1_54' title='bbox 642 984 795 1026; x_wconf 88' lang='lat' dir='ltr'><strong>summam</strong></span> <span class='ocrx_word' id='word_1_55' title='bbox 817 986 886 1028; x_wconf 89' lang='lat' dir='ltr'><strong>esse</strong></span> <span class='ocrx_word' id='word_1_56' title='bbox 913 964 1076 1028; x_wconf 73' lang='lat' dir='ltr'>stultitiam</span> <span class='ocrx_word' id='word_1_57' title='bbox 1102 966 1222 1028; x_wconf 82' lang='lat' dir='ltr'><strong>frustra</strong></span> <span class='ocrx_word' id='word_1_58' title='bbox 1249 963 1365 1027; x_wconf 83' lang='lat' dir='ltr'><strong>confici</strong></span> <span class='ocrx_word' id='word_1_59' title='bbox 1393 983 1559 1034; x_wconf 88' lang='lat' dir='ltr'><strong>maerore,</strong></span> 
     </span>
    </p>
   </div>
   <div class='ocr_carea' id='block_1_4' title="bbox 117 1028 1627 3864">
    <p class='ocr_par' dir='ltr' id='par_1_4' title="bbox 117 1028 1627 2082">
     <span class='ocr_line' id='line_1_9' title="bbox 236 1028 1562 1144; baseline -0.005 -21"><span class='ocrx_word' id='word_1_60' title='bbox 236 1081 332 1144; x_wconf 89' lang='lat' dir='ltr'><strong>quum</strong></span> <span class='ocrx_word' id='word_1_61' title='bbox 353 1058 529 1143; x_wconf 78' lang='lat' dir='ltr'>intelligas,</span> <span class='ocrx_word' id='word_1_62' title='bbox 554 1028 632 1121; x_wconf 87' lang='lat' dir='ltr'><strong>nihil</strong></span> <span class='ocrx_word' id='word_1_63' title='bbox 653 1077 749 1140; x_wconf 89' lang='lat' dir='ltr'><strong>posse</strong></span> <span class='ocrx_word' id='word_1_64' title='bbox 770 1057 899 1139; x_wconf 82' lang='lat' dir='ltr'><strong>profici.</strong></span> <span class='ocrx_word' id='word_1_65' title='bbox 944 1060 1025 1121; x_wconf 83' lang='lat' dir='ltr'><strong>Nam</strong></span> <span class='ocrx_word' id='word_1_66' title='bbox 1049 1056 1221 1122; x_wconf 88' lang='lat' dir='ltr'><strong>Cleanthes</strong></span> <span class='ocrx_word' id='word_1_67' title='bbox 1239 1057 1365 1142; x_wconf 90' lang='lat' dir='ltr'><strong>quidem</strong></span> <span class='ocrx_word' id='word_1_68' title='bbox 1387 1054 1562 1137; x_wconf 77' lang='lat' dir='ltr'><strong>sapientem</strong></span> 
     </span>
     <span class='ocr_line' id='line_1_10' title="bbox 234 1150 1563 1249; baseline -0.005 -32"><span class='ocrx_word' id='word_1_69' title='bbox 234 1153 438 1228; x_wconf 74' lang='lat' dir='ltr'><strong>consolatur,</strong></span> <span class='ocrx_word' id='word_1_70' title='bbox 463 1151 519 1234; x_wconf 87' lang='lat' dir='ltr'><strong>qui</strong></span> <span class='ocrx_word' id='word_1_71' title='bbox 540 1150 760 1214; x_wconf 75' lang='lat' dir='ltr'><strong>consolatione</strong></span> <span class='ocrx_word' id='word_1_72' title='bbox 782 1166 847 1212; x_wconf 84' lang='lat' dir='ltr'><strong>non</strong></span> <span class='ocrx_word' id='word_1_73' title='bbox 871 1161 958 1249; x_wconf 83' lang='lat' dir='ltr'><strong>eget.</strong></span> <span class='ocrx_word' id='word_1_74' title='bbox 1002 1152 1090 1214; x_wconf 88' lang='lat' dir='ltr'><strong>Nihil</strong></span> <span class='ocrx_word' id='word_1_75' title='bbox 1117 1151 1197 1214; x_wconf 88' lang='lat' dir='ltr'><strong>enim</strong></span> <span class='ocrx_word' id='word_1_76' title='bbox 1220 1158 1288 1214; x_wconf 77' lang='lat' dir='ltr'><strong>csse</strong></span> <span class='ocrx_word' id='word_1_77' title='bbox 1309 1150 1443 1226; x_wconf 81' lang='lat' dir='ltr'><strong>malultt,</strong></span> <span class='ocrx_word' id='word_1_78' title='bbox 1474 1152 1563 1231; x_wconf 86' lang='lat' dir='ltr'><strong>quod</strong></span> 
     </span>
     <span class='ocr_line' id='line_1_11' title="bbox 232 1244 1627 1330; baseline -0.004 -20"><span class='ocrx_word' id='word_1_79' title='bbox 232 1259 329 1330; x_wconf 89' lang='lat' dir='ltr'><strong>turpe</strong></span> <span class='ocrx_word' id='word_1_80' title='bbox 348 1266 412 1308; x_wconf 92' lang='lat' dir='ltr'><strong>non</strong></span> <span class='ocrx_word' id='word_1_81' title='bbox 435 1244 496 1320; x_wconf 89' lang='lat' dir='ltr'><strong>sit,</strong></span> <span class='ocrx_word' id='word_1_82' title='bbox 520 1245 546 1307; x_wconf 90' lang='lat' dir='ltr'><strong>si</strong></span> <span class='ocrx_word' id='word_1_83' title='bbox 573 1244 694 1328; x_wconf 84' lang='lat' dir='ltr'><strong>lugenti</strong></span> <span class='ocrx_word' id='word_1_84' title='bbox 713 1245 927 1325; x_wconf 88' lang='lat' dir='ltr'><strong>persuaseris;</strong></span> <span class='ocrx_word' id='word_1_85' title='bbox 951 1266 1014 1308; x_wconf 92' lang='lat' dir='ltr'><strong>non</strong></span> <span class='ocrx_word' id='word_1_86' title='bbox 1036 1256 1072 1308; x_wconf 83' lang='lat' dir='ltr'><strong>tu</strong></span> <span class='ocrx_word' id='word_1_87' title='bbox 1093 1245 1138 1306; x_wconf 92' lang='lat' dir='ltr'><strong>illi</strong></span> <span class='ocrx_word' id='word_1_88' title='bbox 1158 1246 1294 1320; x_wconf 87' lang='lat' dir='ltr'><strong>luctmn,</strong></span> <span class='ocrx_word' id='word_1_89' title='bbox 1319 1247 1374 1307; x_wconf 89' lang='lat' dir='ltr'><strong>sed</strong></span> <span class='ocrx_word' id='word_1_90' title='bbox 1395 1244 1561 1307; x_wconf 78' lang='lat' dir='ltr'><strong>stultitiam</strong></span> <span class='ocrx_word' id='word_1_91' title='bbox 1623 1260 1627 1269; x_wconf 72' lang='grc'><strong>“</strong></span> 
     </span>
     <span class='ocr_line' id='line_1_12' title="bbox 234 1337 1564 1420; baseline -0.004 -17"><span class='ocrx_word' id='word_1_92' title='bbox 234 1338 434 1403; x_wconf 79' lang='lat' dir='ltr'><strong>detraxeris:</strong></span> <span class='ocrx_word' id='word_1_93' title='bbox 471 1338 604 1400; x_wconf 88' lang='lat' dir='ltr'><strong>alienum</strong></span> <span class='ocrx_word' id='word_1_94' title='bbox 631 1350 735 1400; x_wconf 80' lang='lat' dir='ltr'><strong>atatem</strong></span> <span class='ocrx_word' id='word_1_95' title='bbox 761 1346 884 1420; x_wconf 88' lang='lat' dir='ltr'><strong>tempus</strong></span> <span class='ocrx_word' id='word_1_96' title='bbox 907 1339 1053 1402; x_wconf 86' lang='lat' dir='ltr'><strong>docendi.</strong></span> <span class='ocrx_word' id='word_1_97' title='bbox 1113 1339 1156 1402; x_wconf 89' lang='lat' dir='ltr'><strong>Et</strong></span> <span class='ocrx_word' id='word_1_98' title='bbox 1175 1351 1278 1401; x_wconf 83' lang='lat' dir='ltr'><strong>tauron</strong></span> <span class='ocrx_word' id='word_1_99' title='bbox 1301 1359 1364 1419; x_wconf 90' lang='lat' dir='ltr'><strong>nqn</strong></span> <span class='ocrx_word' id='word_1_100' title='bbox 1386 1337 1465 1401; x_wconf 80' lang='lat' dir='ltr'><strong>satis</strong></span> <span class='ocrx_word' id='word_1_101' title='bbox 1487 1337 1564 1400; x_wconf 89' lang='lat' dir='ltr'><strong>mibi</strong></span> 
     </span>
     <span class='ocr_line' id='line_1_13' title="bbox 232 1429 1563 1517; baseline -0.004 -20"><span class='ocrx_word' id='word_1_102' title='bbox 232 1434 364 1497; x_wconf 80' lang='lat' dir='ltr'><strong>videtur</strong></span> <span class='ocrx_word' id='word_1_103' title='bbox 381 1430 498 1495; x_wconf 85' lang='lat' dir='ltr'><strong>vidisse</strong></span> <span class='ocrx_word' id='word_1_104' title='bbox 516 1432 581 1494; x_wconf 90' lang='lat' dir='ltr'><strong>boc</strong></span> <span class='ocrx_word' id='word_1_105' title='bbox 599 1429 791 1505; x_wconf 87' lang='lat' dir='ltr'><strong>Cleanthes,</strong></span> <span class='ocrx_word' id='word_1_106' title='bbox 816 1431 933 1512; x_wconf 86' lang='lat' dir='ltr'><strong>suscipi</strong></span> <span class='ocrx_word' id='word_1_107' title='bbox 956 1432 1126 1517; x_wconf 90' lang='lat' dir='ltr'><strong>aliqnando</strong></span> <span class='ocrx_word' id='word_1_108' title='bbox 1150 1431 1375 1517; x_wconf 77' lang='lat' dir='ltr'><strong>aegritudinem</strong></span> <span class='ocrx_word' id='word_1_109' title='bbox 1402 1453 1499 1513; x_wconf 88' lang='lat' dir='ltr'><strong>posse</strong></span> <span class='ocrx_word' id='word_1_110' title='bbox 1520 1453 1563 1494; x_wconf 84' lang='lat' dir='ltr'><strong>ex</strong></span> 
     </span>
     <span class='ocr_line' id='line_1_14' title="bbox 236 1523 1563 1610; baseline -0.005 -18"><span class='ocrx_word' id='word_1_111' title='bbox 236 1549 275 1592; x_wconf 89' lang='lat' dir='ltr'><strong>eo</strong></span> <span class='ocrx_word' id='word_1_112' title='bbox 298 1527 389 1610; x_wconf 85' lang='lat' dir='ltr'><strong>ipsc,</strong></span> <span class='ocrx_word' id='word_1_113' title='bbox 425 1527 512 1610; x_wconf 90' lang='lat' dir='ltr'><strong>quod</strong></span> <span class='ocrx_word' id='word_1_114' title='bbox 538 1544 606 1588; x_wconf 88' lang='lat' dir='ltr'><strong>esse</strong></span> <span class='ocrx_word' id='word_1_115' title='bbox 630 1546 783 1587; x_wconf 88' lang='lat' dir='ltr'><strong>summum</strong></span> <span class='ocrx_word' id='word_1_116' title='bbox 814 1526 928 1587; x_wconf 89' lang='lat' dir='ltr'><strong>malum</strong></span> <span class='ocrx_word' id='word_1_117' title='bbox 960 1523 1131 1589; x_wconf 87' lang='lat' dir='ltr'><strong>Cleanthes</strong></span> <span class='ocrx_word' id='word_1_118' title='bbox 1156 1525 1226 1607; x_wconf 88' lang='lat' dir='ltr'><strong>ipse</strong></span> <span class='ocrx_word' id='word_1_119' title='bbox 1250 1525 1422 1589; x_wconf 63' lang='lat' dir='ltr'><strong>fateatnrt.</strong></span> <span class='ocrx_word' id='word_1_120' title='bbox 1477 1524 1563 1609; x_wconf 84' lang='lat' dir='ltr'><strong>Quid</strong></span> 
     </span>
     <span class='ocr_line' id='line_1_15' title="bbox 235 1618 1561 1707; baseline -0.005 -21"><span class='ocrx_word' id='word_1_121' title='bbox 235 1622 338 1687; x_wconf 84' lang='lat' dir='ltr'><strong>auim⁷</strong></span> <span class='ocrx_word' id='word_1_122' title='bbox 361 1620 520 1695; x_wconf 83' lang='lat' dir='ltr'><strong>dicemus,</strong></span> <span class='ocrx_word' id='word_1_123' title='bbox 555 1640 653 1703; x_wconf 86' lang='lat' dir='ltr'><strong>quum</strong></span> <span class='ocrx_word' id='word_1_124' title='bbox 679 1620 832 1707; x_wconf 85' lang='lat' dir='ltr'><strong>Socrates</strong></span> <span class='ocrx_word' id='word_1_125' title='bbox 858 1618 1018 1682; x_wconf 79' lang='lat' dir='ltr'><strong>Alcibiadi</strong></span> <span class='ocrx_word' id='word_1_126' title='bbox 1041 1619 1268 1702; x_wconf 84' lang='lat' dir='ltr'><strong>persuasisset,</strong></span> <span class='ocrx_word' id='word_1_127' title='bbox 1303 1632 1337 1683; x_wconf 89' lang='lat' dir='ltr'><strong>ut</strong></span> <span class='ocrx_word' id='word_1_128' title='bbox 1363 1619 1561 1701; x_wconf 85' lang='lat' dir='ltr'><strong>accepimus,</strong></span> 
     </span>
     <span class='ocr_line' id='line_1_16' title="bbox 235 1710 1561 1798; baseline -0.003 -17"><span class='ocrx_word' id='word_1_129' title='bbox 235 1716 331 1781; x_wconf 83' lang='lat' dir='ltr'><strong>eum⁸</strong></span> <span class='ocrx_word' id='word_1_130' title='bbox 352 1712 432 1778; x_wconf 78' lang='lat' dir='ltr'><strong>nihil</strong></span> <span class='ocrx_word' id='word_1_131' title='bbox 451 1715 587 1779; x_wconf 87' lang='lat' dir='ltr'><strong>bominis</strong></span> <span class='ocrx_word' id='word_1_132' title='bbox 611 1735 702 1791; x_wconf 87' lang='lat' dir='ltr'><strong>esse,</strong></span> <span class='ocrx_word' id='word_1_133' title='bbox 726 1734 786 1777; x_wconf 89' lang='lat' dir='ltr'><strong>nee</strong></span> <span class='ocrx_word' id='word_1_134' title='bbox 807 1711 977 1798; x_wconf 86' lang='lat' dir='ltr'><strong>quidquam</strong></span> <span class='ocrx_word' id='word_1_135' title='bbox 997 1710 1315 1787; x_wconf 84' lang='lat' dir='ltr'><strong>inter&#39;Aleibiadem,</strong></span> <span class='ocrx_word' id='word_1_136' title='bbox 1341 1733 1465 1775; x_wconf 89' lang='lat' dir='ltr'><strong>summo</strong></span> <span class='ocrx_word' id='word_1_137' title='bbox 1486 1714 1561 1777; x_wconf 90' lang='lat' dir='ltr'><strong>loeo</strong></span> 
     </span>
     <span class='ocr_line' id='line_1_17' title="bbox 218 1805 1558 1893; baseline -0.004 -20"><span class='ocrx_word' id='word_1_138' title='bbox 218 1821 361 1884; x_wconf 74' lang='lat' dir='ltr'><strong>matum,</strong></span> <span class='ocrx_word' id='word_1_139' title='bbox 396 1820 427 1870; x_wconf 82' lang='lat' dir='ltr'><strong>et</strong></span> <span class='ocrx_word' id='word_1_140' title='bbox 452 1808 595 1893; x_wconf 83' lang='lat' dir='ltr'><strong>quemvis</strong></span> <span class='ocrx_word' id='word_1_141' title='bbox 620 1807 759 1871; x_wconf 87' lang='lat' dir='ltr'><strong>baiulum</strong></span> <span class='ocrx_word' id='word_1_142' title='bbox 788 1806 959 1880; x_wconf 81' lang='lat' dir='ltr'><strong>interesse3</strong></span> <span class='ocrx_word' id='word_1_143' title='bbox 991 1828 1088 1889; x_wconf 90' lang='lat' dir='ltr'><strong>quum</strong></span> <span class='ocrx_word' id='word_1_144' title='bbox 1110 1827 1144 1869; x_wconf 91' lang='lat' dir='ltr'><strong>se</strong></span> <span class='ocrx_word' id='word_1_145' title='bbox 1167 1806 1350 1869; x_wconf 88' lang='lat' dir='ltr'><strong>Alcibiades</strong></span> <span class='ocrx_word' id='word_1_146' title='bbox 1373 1805 1558 1882; x_wconf 87' lang='lat' dir='ltr'><strong>afflictaret,</strong></span> 
     </span>
     <span class='ocr_line' id='line_1_18' title="bbox 231 1897 1561 1986; baseline -0.004 -21"><span class='ocrx_word' id='word_1_147' title='bbox 231 1902 464 1986; x_wconf 80' lang='lat' dir='ltr'><strong>lacrimansque</strong></span> <span class='ocrx_word' id='word_1_148' title='bbox 486 1900 613 1965; x_wconf 88' lang='lat' dir='ltr'><strong>Socrati</strong></span> <span class='ocrx_word' id='word_1_149' title='bbox 635 1901 773 1983; x_wconf 89' lang='lat' dir='ltr'><strong>supplex</strong></span> <span class='ocrx_word' id='word_1_150' title='bbox 796 1909 897 1974; x_wconf 86' lang='lat' dir='ltr'><strong>esset,</strong></span> <span class='ocrx_word' id='word_1_151' title='bbox 929 1910 964 1961; x_wconf 87' lang='lat' dir='ltr'><strong>ut</strong></span> <span class='ocrx_word' id='word_1_152' title='bbox 984 1901 1044 1963; x_wconf 88' lang='lat' dir='ltr'><strong>sibi</strong></span> <span class='ocrx_word' id='word_1_153' title='bbox 1063 1899 1211 1963; x_wconf 87' lang='lat' dir='ltr'><strong>virtutem</strong></span> <span class='ocrx_word' id='word_1_154' title='bbox 1230 1903 1389 1977; x_wconf 81' lang='lat' dir='ltr'><strong>traderet,</strong></span> <span class='ocrx_word' id='word_1_155' title='bbox 1422 1897 1561 1982; x_wconf 85' lang='lat' dir='ltr'><strong>turpitn&#39;·</strong></span> 
     </span>
     <span class='ocr_line' id='line_1_19' title="bbox 117 1989 1566 2082; baseline -0.006 -19"><span class='ocrx_word' id='word_1_156' title='bbox 117 2059 119 2063; x_wconf 81' lang='grc'>,</span> <span class='ocrx_word' id='word_1_157' title='bbox 234 1997 399 2082; x_wconf 88' lang='lat' dir='ltr'><strong>dinemque</strong></span> <span class='ocrx_word' id='word_1_158' title='bbox 428 1994 620 2076; x_wconf 74' lang='lat' dir='ltr'><strong>depellereta</strong></span> <span class='ocrx_word' id='word_1_159' title='bbox 655 1994 730 2078; x_wconf 91' lang='lat' dir='ltr'><strong>quid</strong></span> <span class='ocrx_word' id='word_1_160' title='bbox 755 1993 912 2069; x_wconf 89' lang='lat' dir='ltr'><strong>dicemus,</strong></span> <span class='ocrx_word' id='word_1_161' title='bbox 939 1989 1120 2055; x_wconf 83' lang='lat' dir='ltr'><strong>Cleanthe?</strong></span> <span class='ocrx_word' id='word_1_162' title='bbox 1153 1993 1248 2062; x_wconf 86' lang='lat' dir='ltr'><strong>num-⁹</strong></span> <span class='ocrx_word' id='word_1_163' title='bbox 1269 1994 1300 2057; x_wconf 90' lang='lat' dir='ltr'><strong>in</strong></span> <span class='ocrx_word' id='word_1_164' title='bbox 1322 1994 1375 2057; x_wconf 89' lang='lat' dir='ltr'><strong>illa</strong></span> <span class='ocrx_word' id='word_1_165' title='bbox 1397 2014 1453 2068; x_wconf 87' lang='lat' dir='ltr'><strong>re,</strong></span> <span class='ocrx_word' id='word_1_166' title='bbox 1478 2002 1566 2078; x_wconf 71' lang='lat' dir='ltr'><strong>quae*</strong></span> 
     </span>
    </p>

    <p class='ocr_par' dir='ltr' id='par_1_5' title="bbox 153 2084 1560 2544">
     <span class='ocr_line' id='line_1_20' title="bbox 233 2084 1559 2197; baseline -0.005 -42"><span class='ocrx_word' id='word_1_167' title='bbox 233 2089 434 2197; x_wconf 81' lang='lat' dir='ltr'><strong>aegritudine</strong></span> <span class='ocrx_word' id='word_1_168' title='bbox 457 2087 653 2155; x_wconf 82' lang='lat' dir='ltr'><strong>Alcibiadem</strong></span> <span class='ocrx_word' id='word_1_169' title='bbox 678 2087 851 2163; x_wconf 86' lang='lat' dir='ltr'><strong>afficiebat,</strong></span> <span class='ocrx_word' id='word_1_170' title='bbox 876 2085 949 2148; x_wconf 89' lang='lat' dir='ltr'><strong>mali</strong></span> <span class='ocrx_word' id='word_1_171' title='bbox 964 2086 1040 2148; x_wconf 90' lang='lat' dir='ltr'><strong>nihil</strong></span> <span class='ocrx_word' id='word_1_172' title='bbox 1062 2084 1185 2149; x_wconf 80' lang='lat' dir='ltr'><strong>luisse?</strong></span> <span class='ocrx_word' id='word_1_173' title='bbox 1208 2088 1260 2150; x_wconf 82' lang='lat'><strong>78.</strong></span> <span class='ocrx_word' id='word_1_174' title='bbox 1285 2086 1395 2168; x_wconf 83' lang='lat' dir='ltr'><strong>Quid?</strong></span> <span class='ocrx_word' id='word_1_175' title='bbox 1415 2087 1468 2149; x_wconf 88' lang='lat' dir='ltr'><strong>illa</strong></span> <span class='ocrx_word' id='word_1_176' title='bbox 1490 2089 1559 2164; x_wconf 86' lang='lat' dir='ltr'><strong>Ly·</strong></span> 
     </span>
     <span class='ocr_line' id='line_1_21' title="bbox 233 2176 1559 2269; baseline -0.002 -24"><span class='ocrx_word' id='word_1_177' title='bbox 233 2184 322 2247; x_wconf 89' lang='lat' dir='ltr'><strong>eoois</strong></span> <span class='ocrx_word' id='word_1_178' title='bbox 353 2182 456 2269; x_wconf 90' lang='lat' dir='ltr'><strong>qualia</strong></span> <span class='ocrx_word' id='word_1_179' title='bbox 486 2181 582 2244; x_wconf 80' lang='lat' dir='ltr'><strong>sunt?</strong></span> <span class='ocrx_word' id='word_1_180' title='bbox 619 2180 673 2265; x_wconf 92' lang='lat' dir='ltr'><strong>qui</strong></span> <span class='ocrx_word' id='word_1_181' title='bbox 696 2179 926 2266; x_wconf 84' lang='lat' dir='ltr'><strong>aegritudinem</strong></span> <span class='ocrx_word' id='word_1_182' title='bbox 948 2192 1143 2254; x_wconf 85' lang='lat' dir='ltr'><strong>extenuans,</strong></span> <span class='ocrx_word' id='word_1_183' title='bbox 1177 2179 1287 2262; x_wconf 83' lang='lat' dir='ltr'><strong>parvis</strong></span> <span class='ocrx_word' id='word_1_184' title='bbox 1309 2176 1352 2242; x_wconf 85' lang='lat' dir='ltr'><strong>ait</strong></span> <span class='ocrx_word' id='word_1_185' title='bbox 1373 2202 1440 2243; x_wconf 90' lang='lat' dir='ltr'><strong>eam</strong></span> <span class='ocrx_word' id='word_1_186' title='bbox 1462 2182 1559 2243; x_wconf 86' lang='lat' dir='ltr'><strong>rebus</strong></span> 
     </span>
     <span class='ocr_line' id='line_1_22' title="bbox 233 2273 1560 2356; baseline -0.003 -16"><span class='ocrx_word' id='word_1_187' title='bbox 233 2277 377 2353; x_wconf 78' lang='lat' dir='ltr'><strong>moveri3</strong></span> <span class='ocrx_word' id='word_1_188' title='bbox 408 2275 595 2340; x_wconf 78' lang='lat' dir='ltr'><strong>fortunae¹⁰</strong></span> <span class='ocrx_word' id='word_1_189' title='bbox 626 2286 658 2336; x_wconf 92' lang='lat' dir='ltr'><strong>et</strong></span> <span class='ocrx_word' id='word_1_190' title='bbox 691 2274 840 2356; x_wconf 88' lang='lat' dir='ltr'><strong>corporis</strong></span> <span class='ocrx_word' id='word_1_191' title='bbox 870 2273 1098 2348; x_wconf 86' lang='lat' dir='ltr'><strong>incommodis,</strong></span> <span class='ocrx_word' id='word_1_192' title='bbox 1127 2293 1191 2336; x_wconf 92' lang='lat' dir='ltr'><strong>non</strong></span> <span class='ocrx_word' id='word_1_193' title='bbox 1214 2273 1306 2336; x_wconf 89' lang='lat' dir='ltr'><strong>animi</strong></span> <span class='ocrx_word' id='word_1_194' title='bbox 1328 2275 1429 2337; x_wconf 83' lang='lat' dir='ltr'><strong>malis.</strong></span> <span class='ocrx_word' id='word_1_195' title='bbox 1473 2275 1560 2353; x_wconf 84' lang='lat' dir='ltr'><strong>Quid</strong></span> 
     </span>
     <span class='ocr_line' id='line_1_23' title="bbox 153 2354 1560 2457; baseline -0.003 -22"><span class='ocrx_word' id='word_1_196' title='bbox 153 2400 155 2405; x_wconf 60' lang='grc'>’</span> <span class='ocrx_word' id='word_1_197' title='bbox 234 2371 341 2457; x_wconf 82' lang='lat' dir='ltr'><strong>ergo?</strong></span> <span class='ocrx_word' id='word_1_198' title='bbox 373 2370 472 2444; x_wconf 89' lang='lat' dir='ltr'><strong>illud,</strong></span> <span class='ocrx_word' id='word_1_199' title='bbox 507 2368 594 2451; x_wconf 83' lang='lat' dir='ltr'><strong>q&#39;uod</strong></span> <span class='ocrx_word' id='word_1_200' title='bbox 623 2364 807 2432; x_wconf 76' lang='lat' dir='ltr'><strong>Alcibiades</strong></span> <span class='ocrx_word' id='word_1_201' title='bbox 836 2369 985 2444; x_wconf 88' lang='lat' dir='ltr'><strong>dolebat,</strong></span> <span class='ocrx_word' id='word_1_202' title='bbox 1022 2390 1087 2432; x_wconf 89' lang='lat' dir='ltr'><strong>non</strong></span> <span class='ocrx_word' id='word_1_203' title='bbox 1118 2389 1158 2431; x_wconf 87' lang='lat' dir='ltr'><strong>ex</strong></span> <span class='ocrx_word' id='word_1_204' title='bbox 1188 2368 1281 2431; x_wconf 88' lang='lat' dir='ltr'><strong>animi</strong></span> <span class='ocrx_word' id='word_1_205' title='bbox 1302 2354 1390 2433; x_wconf 82' lang='lat' dir='ltr'><strong>milis</strong></span> <span class='ocrx_word' id='word_1_206' title='bbox 1413 2367 1560 2452; x_wconf 78' lang='lat' dir='ltr'><strong>vitiisque</strong></span> 
     </span>
     <span class='ocr_line' id='line_1_24' title="bbox 170 2454 1340 2544; baseline -0.004 -14"><span class='ocrx_word' id='word_1_207' title='bbox 170 2496 173 2499; x_wconf 93' lang='lat'><em>·</em></span> <span class='ocrx_word' id='word_1_208' title='bbox 233 2462 422 2530; x_wconf 79' lang='lat' dir='ltr'><strong>constabat?</strong></span> <span class='ocrx_word' id='word_1_209' title='bbox 444 2464 499 2528; x_wconf 89' lang='lat' dir='ltr'><strong>Ad</strong></span> <span class='ocrx_word' id='word_1_210' title='bbox 521 2461 654 2544; x_wconf 88' lang='lat' dir='ltr'><strong>Epicuri</strong></span> <span class='ocrx_word' id='word_1_211' title='bbox 675 2454 927 2525; x_wconf 87' lang='lat' dir='ltr'><strong>consolationem</strong></span> <span class='ocrx_word' id='word_1_212' title='bbox 951 2463 1026 2525; x_wconf 86' lang='lat' dir='ltr'><strong>satis</strong></span> <span class='ocrx_word' id='word_1_213' title='bbox 1048 2475 1096 2525; x_wconf 87' lang='lat' dir='ltr'><strong>est</strong></span> <span class='ocrx_word' id='word_1_214' title='bbox 1118 2475 1190 2526; x_wconf 91' lang='lat' dir='ltr'><strong>ante</strong></span> <span class='ocrx_word' id='word_1_215' title='bbox 1212 2464 1340 2526; x_wconf 87' lang='lat' dir='ltr'><strong>dietum.</strong></span> 
     </span>
    </p>

    <p class='ocr_par' dir='ltr' id='par_1_6' title="bbox 160 2552 1617 3864">
     <span class='ocr_line' id='line_1_25' title="bbox 318 2552 1617 2640; baseline -0.004 -18"><span class='ocrx_word' id='word_1_216' title='bbox 318 2552 491 2637; x_wconf 82' lang='lat' dir='ltr'>XXXIII.</span> <span class='ocrx_word' id='word_1_217' title='bbox 516 2557 568 2620; x_wconf 81' lang='lat'><strong>79.</strong></span> <span class='ocrx_word' id='word_1_218' title='bbox 592 2557 642 2619; x_wconf 86' lang='lat' dir='ltr'><strong>Ne</strong></span> <span class='ocrx_word' id='word_1_219' title='bbox 674 2555 728 2629; x_wconf 85' lang='lat' dir='ltr'><strong>illa</strong></span> <span class='ocrx_word' id='word_1_220' title='bbox 757 2555 882 2639; x_wconf 89' lang='lat' dir='ltr'><strong>quidem</strong></span> <span class='ocrx_word' id='word_1_221' title='bbox 914 2555 1094 2623; x_wconf 87' lang='lat' dir='ltr'><strong>firmissima</strong></span> <span class='ocrx_word' id='word_1_222' title='bbox 1122 2557 1337 2621; x_wconf 84' lang='lat' dir='ltr'><strong>consolatio¹¹</strong></span> <span class='ocrx_word' id='word_1_223' title='bbox 1359 2568 1424 2631; x_wconf 91' lang='lat' dir='ltr'><strong>est,</strong></span> <span class='ocrx_word' id='word_1_224' title='bbox 1448 2577 1560 2640; x_wconf 88' lang='lat' dir='ltr'><strong>quam·</strong></span> <span class='ocrx_word' id='word_1_225' title='bbox 1601 2564 1617 2585; x_wconf 72' lang='lat'><em>⁵</em></span> 
     </span>
     <span class='ocr_line' id='line_1_26' title="bbox 232 2650 1560 2738; baseline -0.003 -24"><span class='ocrx_word' id='word_1_226' title='bbox 232 2674 326 2738; x_wconf 90' lang='lat' dir='ltr'><strong>qnam</strong></span> <span class='ocrx_word' id='word_1_227' title='bbox 356 2662 387 2714; x_wconf 90' lang='lat' dir='ltr'><strong>et</strong></span> <span class='ocrx_word' id='word_1_228' title='bbox 415 2650 531 2712; x_wconf 86' lang='lat' dir='ltr'><strong>usitata</strong></span> <span class='ocrx_word' id='word_1_229' title='bbox 561 2659 627 2723; x_wconf 89' lang='lat' dir='ltr'><strong>est,</strong></span> <span class='ocrx_word' id='word_1_230' title='bbox 647 2660 649 2665; x_wconf 87' lang='grc'><strong>’</strong></span> <span class='ocrx_word' id='word_1_231' title='bbox 667 2659 698 2710; x_wconf 89' lang='lat' dir='ltr'><strong>et</strong></span> <span class='ocrx_word' id='word_1_232' title='bbox 719 2658 813 2731; x_wconf 84' lang='lat' dir='ltr'><strong>saepe</strong></span> <span class='ocrx_word' id='word_1_233' title='bbox 836 2652 990 2731; x_wconf 88' lang='lat' dir='ltr'><strong>prodest:</strong></span> <span class='ocrx_word' id='word_1_234' title='bbox 1022 2671 1092 2714; x_wconf 86' lang='lat' dir='ltr'><strong>uon</strong></span> <span class='ocrx_word' id='word_1_235' title='bbox 1114 2651 1177 2715; x_wconf 84' lang='lat' dir='ltr'><strong>tibi</strong></span> <span class='ocrx_word' id='word_1_236' title='bbox 1197 2652 1261 2714; x_wconf 87' lang='lat' dir='ltr'><strong>lioe</strong></span> <span class='ocrx_word' id='word_1_237' title='bbox 1283 2650 1360 2714; x_wconf 82' lang='lat' dir='ltr'><strong>soli.</strong></span> <span class='ocrx_word' id='word_1_238' title='bbox 1421 2652 1560 2714; x_wconf 88' lang='lat' dir='ltr'><strong>Prodest</strong></span> 
     </span>
     <span class='ocr_line' id='line_1_27' title="bbox 232 2740 1559 2827; baseline -0.004 -19"><span class='ocrx_word' id='word_1_239' title='bbox 232 2747 312 2808; x_wconf 89' lang='lat' dir='ltr'><strong>haec</strong></span> <span class='ocrx_word' id='word_1_240' title='bbox 335 2744 478 2827; x_wconf 87' lang='lat' dir='ltr'><strong>quidem,</strong></span> <span class='ocrx_word' id='word_1_241' title='bbox 502 2755 537 2806; x_wconf 88' lang='lat' dir='ltr'><strong>nt</strong></span> <span class='ocrx_word' id='word_1_242' title='bbox 559 2741 643 2818; x_wconf 86' lang='lat' dir='ltr'><strong>dixi,</strong></span> <span class='ocrx_word' id='word_1_243' title='bbox 666 2744 722 2811; x_wconf 80' lang='lat' dir='ltr'><strong>aed</strong></span> <span class='ocrx_word' id='word_1_244' title='bbox 744 2763 803 2805; x_wconf 87' lang='lat' dir='ltr'><strong>nec</strong></span> <span class='ocrx_word' id='word_1_245' title='bbox 824 2765 968 2825; x_wconf 85' lang='lat' dir='ltr'><strong>semper,</strong></span> <span class='ocrx_word' id='word_1_246' title='bbox 993 2766 1051 2807; x_wconf 87' lang='lat' dir='ltr'><strong>nec</strong></span> <span class='ocrx_word' id='word_1_247' title='bbox 1073 2744 1232 2809; x_wconf 87' lang='lat' dir='ltr'><strong>omnibus.</strong></span> <span class='ocrx_word' id='word_1_248' title='bbox 1277 2746 1359 2807; x_wconf 89' lang='lat' dir='ltr'><strong>Sunt</strong></span> <span class='ocrx_word' id='word_1_249' title='bbox 1380 2743 1481 2817; x_wconf 88' lang='lat' dir='ltr'><strong>enim,</strong></span> <span class='ocrx_word' id='word_1_250' title='bbox 1506 2740 1559 2826; x_wconf 89' lang='lat' dir='ltr'><strong>qni</strong></span> 
     </span>
     <span class='ocr_line' id='line_1_28' title="bbox 231 2826 1559 2928; baseline -0.003 -25"><span class='ocrx_word' id='word_1_251' title='bbox 231 2832 404 2923; x_wconf 79' lang='lat' dir='ltr'><strong>respirant:</strong></span> <span class='ocrx_word' id='word_1_252' title='bbox 444 2839 498 2900; x_wconf 83' lang='lat' dir='ltr'><strong>sed</strong></span> <span class='ocrx_word' id='word_1_253' title='bbox 520 2837 638 2915; x_wconf 77' lang='lat' dir='ltr'><strong>refert,</strong></span> <span class='ocrx_word' id='word_1_254' title='bbox 673 2857 738 2923; x_wconf 92' lang='lat' dir='ltr'><strong>quo</strong></span> <span class='ocrx_word' id='word_1_255' title='bbox 761 2838 858 2928; x_wconf 76' lang='lat' dir='ltr'><strong>modo</strong></span> <span class='ocrx_word' id='word_1_256' title='bbox 880 2837 1080 2902; x_wconf 90' lang='lat' dir='ltr'><strong>adhibeatur.</strong></span> <span class='ocrx_word' id='word_1_257' title='bbox 1124 2840 1168 2903; x_wconf 93' lang='lat' dir='ltr'><strong>Ut</strong></span> <span class='ocrx_word' id='word_1_258' title='bbox 1190 2837 1270 2901; x_wconf 90' lang='lat' dir='ltr'><strong>enim</strong></span> <span class='ocrx_word' id='word_1_259' title='bbox 1294 2837 1403 2900; x_wconf 86' lang='lat' dir='ltr'><strong>tulerit</strong></span> <span class='ocrx_word' id='word_1_260' title='bbox 1425 2826 1559 2922; x_wconf 86' lang='lat' dir='ltr'><strong>quisque</strong></span> 
     </span>
     <span class='ocr_line' id='line_1_29' title="bbox 233 2930 1561 3017; baseline -0.005 -18"><span class='ocrx_word' id='word_1_261' title='bbox 233 2956 366 3010; x_wconf 88' lang='lat' dir='ltr'><strong>eorum,</strong></span> <span class='ocrx_word' id='word_1_262' title='bbox 401 2931 456 3016; x_wconf 90' lang='lat' dir='ltr'><strong>qni</strong></span> <span class='ocrx_word' id='word_1_263' title='bbox 487 2931 646 3013; x_wconf 90' lang='lat' dir='ltr'><strong>sapienter</strong></span> <span class='ocrx_word' id='word_1_264' title='bbox 674 2931 832 3005; x_wconf 90' lang='lat' dir='ltr'><strong>tulerunt,</strong></span> <span class='ocrx_word' id='word_1_265' title='bbox 870 2952 935 2994; x_wconf 89' lang='lat' dir='ltr'><strong>non</strong></span> <span class='ocrx_word' id='word_1_266' title='bbox 959 2953 1024 3016; x_wconf 90' lang='lat' dir='ltr'><strong>qno</strong></span> <span class='ocrx_word' id='word_1_267' title='bbox 1047 2931 1181 3017; x_wconf 88' lang='lat' dir='ltr'><strong>quisque</strong></span> <span class='ocrx_word' id='word_1_268' title='bbox 1204 2930 1405 3015; x_wconf 84' lang='lat' dir='ltr'><strong>incommodo</strong></span> <span class='ocrx_word' id='word_1_269' title='bbox 1428 2932 1561 2993; x_wconf 83' lang='lat' dir='ltr'><strong>allectus</strong></span> 
     </span>
     <span class='ocr_line' id='line_1_30' title="bbox 234 3023 1561 3110; baseline -0.005 -18"><span class='ocrx_word' id='word_1_270' title='bbox 234 3029 294 3104; x_wconf 87' lang='lat' dir='ltr'><strong>sit,</strong></span> <span class='ocrx_word' id='word_1_271' title='bbox 317 3025 560 3110; x_wconf 88' lang='lat' dir='ltr'><strong>praedicandum</strong></span> <span class='ocrx_word' id='word_1_272' title='bbox 585 3038 644 3089; x_wconf 88' lang='lat' dir='ltr'><strong>est.</strong></span> <span class='ocrx_word' id='word_1_273' title='bbox 701 3023 936 3109; x_wconf 69' lang='lat' dir='ltr'><strong>§hrysippi&#39;¹²,</strong></span> <span class='ocrx_word' id='word_1_274' title='bbox 972 3028 1012 3088; x_wconf 92' lang='lat' dir='ltr'><strong>ad</strong></span> <span class='ocrx_word' id='word_1_275' title='bbox 1032 3027 1198 3089; x_wconf 83' lang='lat' dir='ltr'><strong>veritatem</strong></span> <span class='ocrx_word' id='word_1_276' title='bbox 1221 3025 1398 3089; x_wconf 87' lang='lat' dir='ltr'><strong>firmissima</strong></span> <span class='ocrx_word' id='word_1_277' title='bbox 1420 3036 1486 3100; x_wconf 86' lang='lat' dir='ltr'><strong>est;</strong></span> <span class='ocrx_word' id='word_1_278' title='bbox 1520 3027 1561 3086; x_wconf 89' lang='lat' dir='ltr'><strong>ad</strong></span> 
     </span>
     <span class='ocr_line' id='line_1_31' title="bbox 233 3118 1558 3210; baseline -0.004 -23"><span class='ocrx_word' id='word_1_279' title='bbox 233 3136 358 3208; x_wconf 87' lang='lat' dir='ltr'><strong>tempus</strong></span> <span class='ocrx_word' id='word_1_280' title='bbox 381 3121 610 3210; x_wconf 69' lang='lat' dir='ltr'><strong>aegritudinis,</strong></span> <span class='ocrx_word' id='word_1_281' title='bbox 629 3120 774 3185; x_wconf 88' lang='lat' dir='ltr'><strong>difficilis.</strong></span> <span class='ocrx_word' id='word_1_282' title='bbox 819 3120 977 3204; x_wconf 82' lang='lat' dir='ltr'><strong>Magnum</strong></span> <span class='ocrx_word' id='word_1_283' title='bbox 1000 3124 1116 3209; x_wconf 82' lang='lat' dir='ltr'><strong>opus¹³</strong></span> <span class='ocrx_word' id='word_1_284' title='bbox 1138 3132 1205 3197; x_wconf 88' lang='lat' dir='ltr'><strong>est,</strong></span> <span class='ocrx_word' id='word_1_285' title='bbox 1229 3123 1371 3205; x_wconf 86' lang='lat' dir='ltr'><strong>probare</strong></span> <span class='ocrx_word' id='word_1_286' title='bbox 1395 3118 1558 3196; x_wconf 84' lang='lat' dir='ltr'><strong>maerenti,</strong></span> 
     </span>
     <span class='ocr_line' id='line_1_32' title="bbox 231 3212 1572 3299; baseline -0.005 -17"><span class='ocrx_word' id='word_1_287' title='bbox 231 3217 320 3283; x_wconf 89' lang='lat' dir='ltr'><strong>illum</strong></span> <span class='ocrx_word' id='word_1_288' title='bbox 339 3239 401 3281; x_wconf 80' lang='lat' dir='ltr'><strong>saro</strong></span> <span class='ocrx_word' id='word_1_289' title='bbox 432 3214 568 3293; x_wconf 84' lang='lat' dir='ltr'><strong>iudicio,</strong></span> <span class='ocrx_word' id='word_1_290' title='bbox 600 3216 666 3280; x_wconf 69' lang='lat' dir='ltr'><strong>et14</strong></span> <span class='ocrx_word' id='word_1_291' title='bbox 695 3212 783 3299; x_wconf 89' lang='lat' dir='ltr'><strong>quod</strong></span> <span class='ocrx_word' id='word_1_292' title='bbox 813 3234 848 3276; x_wconf 89' lang='lat' dir='ltr'><strong>se</strong></span> <span class='ocrx_word' id='word_1_293' title='bbox 877 3214 920 3275; x_wconf 85' lang='lat' dir='ltr'><strong>ita</strong></span> <span class='ocrx_word' id='word_1_294' title='bbox 948 3219 1039 3296; x_wconf 84' lang='lat' dir='ltr'><strong>putet</strong></span> <span class='ocrx_word' id='word_1_295' title='bbox 1064 3227 1217 3298; x_wconf 86' lang='lat' dir='ltr'><strong>oportere</strong></span> <span class='ocrx_word' id='word_1_296' title='bbox 1239 3216 1365 3289; x_wconf 85' lang='lat' dir='ltr'><strong>iacere,</strong></span> <span class='ocrx_word' id='word_1_297' title='bbox 1401 3236 1572 3277; x_wconf 71' lang='lat' dir='ltr'><strong>maerere·</strong></span> 
     </span>
     <span class='ocr_line' id='line_1_33' title="bbox 160 3308 1608 3397; baseline -0.006 -22"><span class='ocrx_word' id='word_1_298' title='bbox 160 3348 166 3353; x_wconf 92' lang='lat'><strong>·</strong></span> <span class='ocrx_word' id='word_1_299' title='bbox 233 3311 391 3375; x_wconf 83' lang='lat' dir='ltr'><strong>Nimirum</strong></span> <span class='ocrx_word' id='word_1_300' title='bbox 413 3310 529 3397; x_wconf 79' lang='lat' dir='ltr'><strong>igitur,</strong></span> <span class='ocrx_word' id='word_1_301' title='bbox 554 3309 641 3372; x_wconf 87' lang='lat' dir='ltr'><strong>utin</strong></span> <span class='ocrx_word' id='word_1_302' title='bbox 664 3308 767 3373; x_wconf 80' lang='lat' dir='ltr'><strong>caarsis</strong></span> <span class='ocrx_word' id='word_1_303' title='bbox 789 3327 855 3371; x_wconf 89' lang='lat' dir='ltr'><strong>non</strong></span> <span class='ocrx_word' id='word_1_304' title='bbox 871 3327 996 3391; x_wconf 86' lang='lat' dir='ltr'><strong>semper</strong></span> <span class='ocrx_word' id='word_1_305' title='bbox 1017 3309 1135 3372; x_wconf 88' lang='lat' dir='ltr'><strong>utimur</strong></span> <span class='ocrx_word' id='word_1_306' title='bbox 1150 3310 1261 3372; x_wconf 79' lang='lat' dir='ltr'><strong>eodem</strong></span> <span class='ocrx_word' id='word_1_307' title='bbox 1278 3318 1381 3382; x_wconf 81' lang='lat' dir='ltr'><strong>statu3</strong></span> <span class='ocrx_word' id='word_1_308' title='bbox 1405 3310 1464 3389; x_wconf 89' lang='lat' dir='ltr'><strong>(sic</strong></span> <span class='ocrx_word' id='word_1_309' title='bbox 1478 3308 1561 3370; x_wconf 88' lang='lat' dir='ltr'><strong>enim</strong></span> <span class='ocrx_word' id='word_1_310' title='bbox 1603 3354 1608 3376; x_wconf 67' lang='lat'><strong>.</strong></span> 
     </span>
     <span class='ocr_line' id='line_1_34' title="bbox 235 3401 1561 3486; baseline -0.004 -20"><span class='ocrx_word' id='word_1_311' title='bbox 235 3405 431 3486; x_wconf 82' lang='lat' dir='ltr'><strong>appellamus</strong></span> <span class='ocrx_word' id='word_1_312' title='bbox 454 3405 748 3468; x_wconf 84' lang='lat' dir='ltr'><strong>controversiarum</strong></span> <span class='ocrx_word' id='word_1_313' title='bbox 772 3421 890 3486; x_wconf 86' lang='lat' dir='ltr'><strong>genera</strong></span> <span class='ocrx_word' id='word_1_314' title='bbox 902 3403 926 3481; x_wconf 85' lang='lat'><strong>3)</strong></span> <span class='ocrx_word' id='word_1_315' title='bbox 953 3403 1008 3464; x_wconf 88' lang='lat' dir='ltr'><strong>sed</strong></span> <span class='ocrx_word' id='word_1_316' title='bbox 1030 3405 1069 3463; x_wconf 91' lang='lat' dir='ltr'><strong>ad</strong></span> <span class='ocrx_word' id='word_1_317' title='bbox 1090 3413 1234 3484; x_wconf 88' lang='lat' dir='ltr'><strong>tempus,</strong></span> <span class='ocrx_word' id='word_1_318' title='bbox 1258 3403 1296 3461; x_wconf 84' lang='lat' dir='ltr'><strong>ad</strong></span> <span class='ocrx_word' id='word_1_319' title='bbox 1319 3401 1561 3464; x_wconf 82' lang='lat' dir='ltr'><strong>eontrorersiae</strong></span> 
     </span>
     <span class='ocr_line' id='line_1_35' title="bbox 203 3488 1561 3580; baseline -0.004 -20"><span class='ocrx_word' id='word_1_320' title='bbox 203 3510 395 3575; x_wconf 78' lang='lat' dir='ltr'><strong>&#39;natrrram,</strong></span> <span class='ocrx_word' id='word_1_321' title='bbox 431 3500 470 3561; x_wconf 90' lang='lat' dir='ltr'><strong>ad</strong></span> <span class='ocrx_word' id='word_1_322' title='bbox 498 3519 669 3580; x_wconf 89' lang='lat' dir='ltr'><strong>personam</strong></span> <span class='ocrx_word' id='word_1_323' title='bbox 703 3498 1002 3560; x_wconf 78' lang='lat' dir='ltr'><strong>accommodamus:</strong></span> <span class='ocrx_word' id='word_1_324' title='bbox 1038 3496 1083 3559; x_wconf 89' lang='lat' dir='ltr'><strong>sic</strong></span> <span class='ocrx_word' id='word_1_325' title='bbox 1111 3488 1370 3580; x_wconf 11' lang='lat' dir='ltr'><strong>inqaegrit&#39;udine</strong></span> <span class='ocrx_word' id='word_1_326' title='bbox 1398 3494 1561 3569; x_wconf 87' lang='lat' dir='ltr'><strong>lenienda,</strong></span> 
     </span>
     <span class='ocr_line' id='line_1_36' title="bbox 234 3580 1594 3675; baseline 0 -22"><span class='ocrx_word' id='word_1_327' title='bbox 234 3592 363 3675; x_wconf 84' lang='lat' dir='ltr'><strong>quam¹⁵</strong></span> <span class='ocrx_word' id='word_1_328' title='bbox 393 3591 528 3675; x_wconf 88' lang='lat' dir='ltr'><strong>quisque</strong></span> <span class='ocrx_word' id='word_1_329' title='bbox 557 3593 755 3657; x_wconf 83' lang='lat' dir='ltr'><strong>curatibnem</strong></span> <span class='ocrx_word' id='word_1_330' title='bbox 784 3589 930 3670; x_wconf 86' lang='lat' dir='ltr'><strong>recipcre</strong></span> <span class='ocrx_word' id='word_1_331' title='bbox 958 3591 1080 3672; x_wconf 87' lang='lat' dir='ltr'><strong>possit,</strong></span> <span class='ocrx_word' id='word_1_332' title='bbox 1119 3580 1283 3654; x_wconf 82' lang='lat' dir='ltr'><strong>videndum</strong></span> <span class='ocrx_word' id='word_1_333' title='bbox 1314 3600 1374 3650; x_wconf 89' lang='lat' dir='ltr'><strong>est.</strong></span> <span class='ocrx_word' id='word_1_334' title='bbox 1419 3588 1473 3652; x_wconf 85' lang='lat'><strong>80.</strong></span> <span class='ocrx_word' id='word_1_335' title='bbox 1498 3590 1594 3653; x_wconf 75' lang='lat' dir='ltr'><strong>sed.</strong></span> 
     </span>
     <span class='ocr_line' id='line_1_37' title="bbox 231 3680 1560 3769; baseline -0.002 -22"><span class='ocrx_word' id='word_1_336' title='bbox 231 3682 342 3747; x_wconf 85' lang='lat' dir='ltr'><strong>nescio</strong></span> <span class='ocrx_word' id='word_1_337' title='bbox 366 3705 431 3769; x_wconf 88' lang='lat' dir='ltr'><strong>qno</strong></span> <span class='ocrx_word' id='word_1_338' title='bbox 453 3696 550 3766; x_wconf 88' lang='lat' dir='ltr'><strong>paeto</strong></span> <span class='ocrx_word' id='word_1_339' title='bbox 573 3687 613 3747; x_wconf 92' lang='lat' dir='ltr'><strong>ab</strong></span> <span class='ocrx_word' id='word_1_340' title='bbox 636 3706 694 3761; x_wconf 88' lang='lat' dir='ltr'><strong>eo,</strong></span> <span class='ocrx_word' id='word_1_341' title='bbox 720 3682 899 3768; x_wconf 88' lang='lat' dir='ltr'><strong>quoderat</strong></span> <span class='ocrx_word' id='word_1_342' title='bbox 920 3705 937 3745; x_wconf 85' lang='lat' dir='ltr'><strong>a</strong></span> <span class='ocrx_word' id='word_1_343' title='bbox 959 3696 991 3747; x_wconf 90' lang='lat' dir='ltr'><strong>te</strong></span> <span class='ocrx_word' id='word_1_344' title='bbox 1011 3686 1233 3768; x_wconf 89' lang='lat' dir='ltr'><strong>propositum,</strong></span> <span class='ocrx_word' id='word_1_345' title='bbox 1259 3680 1421 3746; x_wconf 85' lang='lat' dir='ltr'><strong>aberravit</strong></span> <span class='ocrx_word' id='word_1_346' title='bbox 1441 3682 1560 3745; x_wconf 87' lang='lat' dir='ltr'><strong>oratio.</strong></span> 
     </span>
     <span class='ocr_line' id='line_1_38' title="bbox 234 3775 1559 3864; baseline -0.004 -23"><span class='ocrx_word' id='word_1_347' title='bbox 234 3781 288 3842; x_wconf 86' lang='lat' dir='ltr'><strong>Tu</strong></span> <span class='ocrx_word' id='word_1_348' title='bbox 310 3777 392 3840; x_wconf 88' lang='lat' dir='ltr'><strong>enim</strong></span> <span class='ocrx_word' id='word_1_349' title='bbox 415 3780 453 3840; x_wconf 82' lang='lat' dir='ltr'><strong>tle</strong></span> <span class='ocrx_word' id='word_1_350' title='bbox 475 3777 615 3861; x_wconf 88' lang='lat' dir='ltr'><strong>sapiente</strong></span> <span class='ocrx_word' id='word_1_351' title='bbox 637 3781 841 3864; x_wconf 80' lang='lat' dir='ltr'><strong>quaesieras:</strong></span> <span class='ocrx_word' id='word_1_352' title='bbox 882 3775 933 3839; x_wconf 89' lang='lat' dir='ltr'><strong>cui</strong></span> <span class='ocrx_word' id='word_1_353' title='bbox 955 3790 1009 3840; x_wconf 88' lang='lat' dir='ltr'><strong>aut</strong></span> <span class='ocrx_word' id='word_1_354' title='bbox 1031 3780 1145 3841; x_wconf 89' lang='lat' dir='ltr'><strong>malum</strong></span> <span class='ocrx_word' id='word_1_355' title='bbox 1168 3776 1269 3840; x_wconf 84' lang='lat' dir='ltr'><strong>videri</strong></span> <span class='ocrx_word' id='word_1_356' title='bbox 1291 3776 1409 3839; x_wconf 90' lang='lat' dir='ltr'><strong>nullum</strong></span> <span class='ocrx_word' id='word_1_357' title='bbox 1431 3787 1559 3857; x_wconf 82' lang='lat' dir='ltr'><strong>potest,</strong></span> 
     </span>
    </p>
   </div>
   <div class='ocr_carea' id='block_1_5' title="bbox 164 3925 1616 4916">
    <p class='ocr_par' dir='ltr' id='par_1_7' title="bbox 164 3925 1616 4916">
     <span class='ocr_line' id='line_1_39' title="bbox 306 3925 1616 4006; baseline -0.003 -17"><span class='ocrx_word' id='word_1_358' title='bbox 306 3925 1350 4006; x_wconf 72' lang='lat' dir='ltr'><strong>(1)8teP&#39;ABSECVMLW.-responditbGebh.D.Latt.1.2.</strong></span> <span class='ocrx_word' id='word_1_359' title='bbox 1390 3940 1427 4005; x_wconf 78' lang='grc' dir='ltr'><strong>(ι)</strong></span> <span class='ocrx_word' id='word_1_360' title='bbox 1447 3966 1483 3978; x_wconf 87' lang='grc'><strong>-.</strong></span> <span class='ocrx_word' id='word_1_361' title='bbox 1504 3950 1562 3986; x_wconf 72' lang='grc' dir='ltr'><strong>...ιι</strong></span> <span class='ocrx_word' id='word_1_362' title='bbox 1612 3930 1616 3935; x_wconf 79' lang='grc'>’</span> 
     </span>
     <span class='ocr_line' id='line_1_40' title="bbox 233 4011 1560 4085; baseline 0 -22"><span class='ocrx_word' id='word_1_363' title='bbox 233 4030 445 4082; x_wconf 62' lang='lat' dir='ltr'><strong>aggravamus</strong></span> <span class='ocrx_word' id='word_1_364' title='bbox 470 4012 541 4074; x_wconf 75' lang='lat'><strong>071.</strong></span> <span class='ocrx_word' id='word_1_365' title='bbox 569 4013 643 4077; x_wconf 76' lang='lat' dir='ltr'><strong>CV.,</strong></span> <span class='ocrx_word' id='word_1_366' title='bbox 672 4016 700 4066; x_wconf 82' lang='lat' dir='ltr'><strong>ln</strong></span> <span class='ocrx_word' id='word_1_367' title='bbox 727 4029 780 4085; x_wconf 88' lang='lat' dir='ltr'><strong>qua</strong></span> <span class='ocrx_word' id='word_1_368' title='bbox 805 4014 872 4066; x_wconf 83' lang='lat' dir='ltr'><strong>lect.</strong></span> <span class='ocrx_word' id='word_1_369' title='bbox 899 4012 1008 4065; x_wconf 86' lang='lat' dir='ltr'><strong>Camer.</strong></span> <span class='ocrx_word' id='word_1_370' title='bbox 1037 4012 1162 4065; x_wconf 83' lang='lat' dir='ltr'><strong>volebat:</strong></span> <span class='ocrx_word' id='word_1_371' title='bbox 1181 4041 1220 4052; x_wconf 95' lang='lat'>—</span> <span class='ocrx_word' id='word_1_372' title='bbox 1242 4028 1342 4071; x_wconf 56' lang='lat' dir='ltr'><strong>manau</strong></span> <span class='ocrx_word' id='word_1_373' title='bbox 1371 4020 1467 4084; x_wconf 73' lang='lat' dir='ltr'><strong>sieque</strong></span> <span class='ocrx_word' id='word_1_374' title='bbox 1487 4011 1560 4064; x_wconf 76' lang='lat'><strong>02¹.</strong></span> 
     </span>
     <span class='ocr_line' id='line_1_41' title="bbox 232 4085 1561 4161; baseline -0.002 -22"><span class='ocrx_word' id='word_1_375' title='bbox 232 4091 310 4161; x_wconf 84' lang='lat' dir='ltr'><strong>prob.</strong></span> <span class='ocrx_word' id='word_1_376' title='bbox 340 4088 430 4142; x_wconf 83' lang='lat' dir='ltr'><strong>Bonh.</strong></span> <span class='ocrx_word' id='word_1_377' title='bbox 478 4089 573 4155; x_wconf 76' lang='grc'><strong>(1)-</strong></span> <span class='ocrx_word' id='word_1_378' title='bbox 597 4088 691 4139; x_wconf 81' lang='lat' dir='ltr'><strong>altero</strong></span> <span class='ocrx_word' id='word_1_379' title='bbox 711 4097 753 4140; x_wconf 82' lang='lat' dir='ltr'><strong>est</strong></span> <span class='ocrx_word' id='word_1_380' title='bbox 781 4087 928 4144; x_wconf 82' lang='lat' dir='ltr'><strong>ABSECV.</strong></span> <span class='ocrx_word' id='word_1_381' title='bbox 981 4085 1019 4160; x_wconf 79' lang='grc'><strong>(1)</strong></span> <span class='ocrx_word' id='word_1_382' title='bbox 1037 4116 1077 4153; x_wconf 71' lang='lat'><em>···,</em></span> <span class='ocrx_word' id='word_1_383' title='bbox 1090 4093 1225 4161; x_wconf 78' lang='lat' dir='ltr'><strong>propriae</strong></span> <span class='ocrx_word' id='word_1_384' title='bbox 1243 4086 1322 4140; x_wconf 82' lang='lat' dir='ltr'><strong>ECV.</strong></span> <span class='ocrx_word' id='word_1_385' title='bbox 1342 4090 1441 4161; x_wconf 81' lang='lat' dir='ltr'><strong>(Regio</strong></span> <span class='ocrx_word' id='word_1_386' title='bbox 1462 4086 1561 4139; x_wconf 79' lang='lat' dir='ltr'><strong>tribula</strong></span> 
     </span>
     <span class='ocr_line' id='line_1_42' title="bbox 212 4158 1562 4236; baseline -0.001 -18"><span class='ocrx_word' id='word_1_387' title='bbox 212 4161 336 4236; x_wconf 76' lang='lat' dir='ltr'><strong>‘Boub.)</strong></span> <span class='ocrx_word' id='word_1_388' title='bbox 355 4169 529 4236; x_wconf 80' lang='lat' dir='ltr'><strong>-propria</strong></span> <span class='ocrx_word' id='word_1_389' title='bbox 557 4163 630 4227; x_wconf 81' lang='lat' dir='ltr'><strong>Alli,</strong></span> <span class='ocrx_word' id='word_1_390' title='bbox 660 4165 739 4236; x_wconf 87' lang='lat' dir='ltr'><strong>prob.</strong></span> <span class='ocrx_word' id='word_1_391' title='bbox 758 4165 850 4217; x_wconf 90' lang='lat' dir='ltr'><strong>Boub.</strong></span> <span class='ocrx_word' id='word_1_392' title='bbox 902 4161 940 4229; x_wconf 81' lang='lat'><strong>(⁵)</strong></span> <span class='ocrx_word' id='word_1_393' title='bbox 959 4193 996 4204; x_wconf 86' lang='lat'>-</span> <span class='ocrx_word' id='word_1_394' title='bbox 1016 4162 1216 4233; x_wconf 81' lang='lat' dir='ltr'><strong>disputandum</strong></span> <span class='ocrx_word' id='word_1_395' title='bbox 1236 4162 1300 4213; x_wconf 78' lang='lat' dir='ltr'><strong>Bru.</strong></span> <span class='ocrx_word' id='word_1_396' title='bbox 1322 4169 1347 4218; x_wconf 84' lang='grc'><strong>1.</strong></span> <span class='ocrx_word' id='word_1_397' title='bbox 1368 4164 1413 4236; x_wconf 92' lang='grc'><strong>[].</strong></span> <span class='ocrx_word' id='word_1_398' title='bbox 1465 4158 1504 4234; x_wconf 74' lang='lat'><strong>(⁵)</strong></span> <span class='ocrx_word' id='word_1_399' title='bbox 1524 4188 1562 4203; x_wconf 84' lang='lat'><strong>·-</strong></span> 
     </span>
     <span class='ocr_line' id='line_1_43' title="bbox 224 4235 1561 4312; baseline -0.001 -23"><span class='ocrx_word' id='word_1_400' title='bbox 224 4238 348 4312; x_wconf 74' lang='lat' dir='ltr'><strong>sistetur</strong></span> <span class='ocrx_word' id='word_1_401' title='bbox 368 4238 438 4291; x_wconf 75' lang='lat'><strong>021.</strong></span> <span class='ocrx_word' id='word_1_402' title='bbox 461 4240 524 4292; x_wconf 80' lang='lat' dir='ltr'><strong>att..</strong></span> <span class='ocrx_word' id='word_1_403' title='bbox 544 4252 581 4290; x_wconf 76' lang='lat' dir='ltr'><strong>os</strong></span> <span class='ocrx_word' id='word_1_404' title='bbox 617 4240 748 4291; x_wconf 78' lang='lat' dir='ltr'><strong>utebatur</strong></span> <span class='ocrx_word' id='word_1_405' title='bbox 767 4239 839 4297; x_wconf 78' lang='lat'><strong>011.</strong></span> <span class='ocrx_word' id='word_1_406' title='bbox 867 4235 904 4312; x_wconf 87' lang='lat'><strong>(⁷)</strong></span> <span class='ocrx_word' id='word_1_407' title='bbox 924 4266 962 4281; x_wconf 89' lang='lat'><strong>·-·</strong></span> <span class='ocrx_word' id='word_1_408' title='bbox 980 4256 1051 4307; x_wconf 82' lang='lat' dir='ltr'><strong>ergo</strong></span> <span class='ocrx_word' id='word_1_409' title='bbox 1072 4241 1101 4292; x_wconf 87' lang='lat' dir='ltr'><strong>P.</strong></span> <span class='ocrx_word' id='word_1_410' title='bbox 1132 4239 1228 4304; x_wconf 77' lang='grc'><strong>(1)·-</strong></span> <span class='ocrx_word' id='word_1_411' title='bbox 1246 4242 1272 4286; x_wconf 84' lang='lat' dir='ltr'><strong>et</strong></span> <span class='ocrx_word' id='word_1_412' title='bbox 1291 4239 1379 4292; x_wconf 85' lang='lat' dir='ltr'><strong>Boub.</strong></span> <span class='ocrx_word' id='word_1_413' title='bbox 1401 4242 1561 4307; x_wconf 69' lang='lat' dir='ltr'><strong>mirdsnsp.</strong></span> 
     </span>
     <span class='ocr_line' id='line_1_44' title="bbox 233 4308 1563 4390; baseline -0.002 -25"><span class='ocrx_word' id='word_1_414' title='bbox 233 4314 272 4390; x_wconf 77' lang='lat'><strong>(⁹)</strong></span> <span class='ocrx_word' id='word_1_415' title='bbox 292 4343 330 4357; x_wconf 92' lang='lat'>-</span> <span class='ocrx_word' id='word_1_416' title='bbox 349 4321 406 4366; x_wconf 88' lang='lat' dir='ltr'><strong>tum</strong></span> <span class='ocrx_word' id='word_1_417' title='bbox 426 4313 517 4379; x_wconf 82' lang='lat' dir='ltr'><strong>O3x.,</strong></span> <span class='ocrx_word' id='word_1_418' title='bbox 546 4331 560 4366; x_wconf 88' lang='lat' dir='ltr'><strong>e</strong></span> <span class='ocrx_word' id='word_1_419' title='bbox 604 4313 681 4368; x_wconf 80' lang='lat' dir='ltr'><strong>alata.</strong></span> <span class='ocrx_word' id='word_1_420' title='bbox 702 4308 792 4371; x_wconf 85' lang='lat' dir='ltr'><strong>Gebb.</strong></span> <span class='ocrx_word' id='word_1_421' title='bbox 814 4329 878 4386; x_wconf 84' lang='lat' dir='ltr'><strong>post</strong></span> <span class='ocrx_word' id='word_1_422' title='bbox 896 4314 1022 4365; x_wconf 84' lang='lat' dir='ltr'><strong>Brutum.</strong></span> <span class='ocrx_word' id='word_1_423' title='bbox 1057 4314 1161 4370; x_wconf 84' lang='lat' dir='ltr'><strong>:illa</strong></span> <span class='ocrx_word' id='word_1_424' title='bbox 1180 4317 1210 4362; x_wconf 80' lang='lat' dir='ltr'><strong>tn</strong></span> <span class='ocrx_word' id='word_1_425' title='bbox 1228 4328 1259 4362; x_wconf 82' lang='lat' dir='ltr'><strong>re</strong></span> <span class='ocrx_word' id='word_1_426' title='bbox 1278 4311 1324 4377; x_wconf 90' lang='lat' dir='ltr'><strong>C.)</strong></span> <span class='ocrx_word' id='word_1_427' title='bbox 1361 4313 1416 4388; x_wconf 83' lang='lat'><strong>(¹⁰)</strong></span> <span class='ocrx_word' id='word_1_428' title='bbox 1435 4311 1563 4384; x_wconf 88' lang='lat' dir='ltr'><strong>-sor-</strong></span> 
     </span>
     <span class='ocr_line' id='line_1_45' title="bbox 233 4384 1560 4461; baseline -0.004 -19"><span class='ocrx_word' id='word_1_429' title='bbox 233 4399 303 4443; x_wconf 77' lang='lat' dir='ltr'><strong>tiano</strong></span> <span class='ocrx_word' id='word_1_430' title='bbox 320 4389 388 4442; x_wconf 86' lang='lat' dir='ltr'><strong>Ero.</strong></span> <span class='ocrx_word' id='word_1_431' title='bbox 407 4386 494 4461; x_wconf 85' lang='lat' dir='ltr'><strong>susp.&#39;</strong></span> <span class='ocrx_word' id='word_1_432' title='bbox 521 4384 571 4461; x_wconf 88' lang='grc'><strong>(11)</strong></span> <span class='ocrx_word' id='word_1_433' title='bbox 593 4387 640 4441; x_wconf 81' lang='lat' dir='ltr'><strong>Sic</strong></span> <span class='ocrx_word' id='word_1_434' title='bbox 659 4392 692 4447; x_wconf 84' lang='grc'><strong>11.</strong></span> <span class='ocrx_word' id='word_1_435' title='bbox 711 4388 740 4442; x_wconf 89' lang='lat' dir='ltr'><strong>b.</strong></span> <span class='ocrx_word' id='word_1_436' title='bbox 761 4390 862 4447; x_wconf 89' lang='lat' dir='ltr'><strong>PDW.</strong></span> <span class='ocrx_word' id='word_1_437' title='bbox 882 4409 919 4445; x_wconf 89' lang='lat'>=</span> <span class='ocrx_word' id='word_1_438' title='bbox 936 4407 1011 4442; x_wconf 83' lang='lat' dir='ltr'><strong>cons.</strong></span> <span class='ocrx_word' id='word_1_439' title='bbox 1056 4393 1147 4441; x_wconf 80' lang='lat' dir='ltr'><strong>rmiss.</strong></span> <span class='ocrx_word' id='word_1_440' title='bbox 1167 4389 1383 4456; x_wconf 78' lang='lat' dir='ltr'><strong>Ceteriomnes,</strong></span> <span class='ocrx_word' id='word_1_441' title='bbox 1405 4393 1491 4442; x_wconf 79' lang='lat' dir='ltr'><strong>etiam</strong></span> <span class='ocrx_word' id='word_1_442' title='bbox 1506 4389 1560 4443; x_wconf 82' lang='lat' dir='ltr'><strong>vt.</strong></span> 
     </span>
     <span class='ocr_line' id='line_1_46' title="bbox 164 4462 1562 4535; baseline -0.003 -16"><span class='ocrx_word' id='word_1_443' title='bbox 164 4497 169 4507; x_wconf 89' lang='lat'><strong>·</strong></span> <span class='ocrx_word' id='word_1_444' title='bbox 232 4474 260 4525; x_wconf 95' lang='grc'><strong>1.</strong></span> <span class='ocrx_word' id='word_1_445' title='bbox 280 4471 305 4520; x_wconf 97' lang='grc'><strong>2.</strong></span> <span class='ocrx_word' id='word_1_446' title='bbox 345 4466 395 4532; x_wconf 75' lang='grc'><strong>(11)</strong></span> <span class='ocrx_word' id='word_1_447' title='bbox 416 4465 530 4529; x_wconf 69' lang='lat' dir='ltr'><strong>siclt,</strong></span> <span class='ocrx_word' id='word_1_448' title='bbox 545 4466 612 4515; x_wconf 79' lang='lat' dir='ltr'><strong>&#39;mea</strong></span> <span class='ocrx_word' id='word_1_449' title='bbox 633 4483 665 4517; x_wconf 81' lang='lat' dir='ltr'><strong>ex</strong></span> <span class='ocrx_word' id='word_1_450' title='bbox 682 4462 844 4520; x_wconf 84' lang='lat' dir='ltr'><strong>collatione.</strong></span> <span class='ocrx_word' id='word_1_451' title='bbox 865 4466 914 4519; x_wconf 90' lang='lat' dir='ltr'><strong>Gr.</strong></span> <span class='ocrx_word' id='word_1_452' title='bbox 927 4464 954 4517; x_wconf 90' lang='grc'><strong>1).</strong></span> <span class='ocrx_word' id='word_1_453' title='bbox 969 4463 1041 4522; x_wconf 77' lang='lat'><strong>061.</strong></span> <span class='ocrx_word' id='word_1_454' title='bbox 1054 4464 1087 4517; x_wconf 85' lang='lat' dir='ltr'><strong>V.</strong></span> <span class='ocrx_word' id='word_1_455' title='bbox 1101 4462 1191 4517; x_wconf 85' lang='lat' dir='ltr'><strong>Gebh.</strong></span> <span class='ocrx_word' id='word_1_456' title='bbox 1214 4465 1246 4514; x_wconf 82' lang='lat' dir='ltr'><strong>u.</strong></span> <span class='ocrx_word' id='word_1_457' title='bbox 1268 4463 1335 4535; x_wconf 73' lang='lat' dir='ltr'><strong>Lall.</strong></span> <span class='ocrx_word' id='word_1_458' title='bbox 1359 4476 1383 4523; x_wconf 92' lang='grc'><strong>1.</strong></span> <span class='ocrx_word' id='word_1_459' title='bbox 1403 4467 1492 4523; x_wconf 85' lang='lat' dir='ltr'><strong>W..</strong></span> <span class='ocrx_word' id='word_1_460' title='bbox 1477 4468 1504 4516; x_wconf 75' lang='grc'><strong>2.</strong></span> <span class='ocrx_word' id='word_1_461' title='bbox 1524 4490 1562 4504; x_wconf 93' lang='grc'>-</span> 
     </span>
     <span class='ocr_line' id='line_1_47' title="bbox 234 4532 1574 4613; baseline -0.006 -17"><span class='ocrx_word' id='word_1_462' title='bbox 234 4532 336 4613; x_wconf 72' lang='lat' dir='ltr'><strong>Chry)</strong></span> <span class='ocrx_word' id='word_1_463' title='bbox 366 4544 526 4592; x_wconf 81' lang='lat' dir='ltr'><strong>auctoritas</strong></span> <span class='ocrx_word' id='word_1_464' title='bbox 551 4540 622 4593; x_wconf 79' lang='lat'><strong>021.</strong></span> <span class='ocrx_word' id='word_1_465' title='bbox 633 4539 675 4593; x_wconf 89' lang='lat' dir='ltr'><strong>&#39;.b</strong></span> <span class='ocrx_word' id='word_1_466' title='bbox 696 4545 726 4593; x_wconf 87' lang='lat' dir='ltr'><strong>in</strong></span> <span class='ocrx_word' id='word_1_467' title='bbox 746 4557 833 4613; x_wconf 82' lang='lat' dir='ltr'><strong>marg.</strong></span> <span class='ocrx_word' id='word_1_468' title='bbox 857 4538 909 4593; x_wconf 82' lang='lat' dir='ltr'><strong>Alii</strong></span> <span class='ocrx_word' id='word_1_469' title='bbox 930 4538 998 4593; x_wconf 85' lang='lat' dir='ltr'><strong>cdd.</strong></span> <span class='ocrx_word' id='word_1_470' title='bbox 1018 4538 1150 4611; x_wconf 82' lang='lat' dir='ltr'><strong>vulgares.</strong></span> <span class='ocrx_word' id='word_1_471' title='bbox 1170 4537 1319 4594; x_wconf 85' lang='lat' dir='ltr'><strong>PABSEC.</strong></span> <span class='ocrx_word' id='word_1_472' title='bbox 1340 4542 1440 4612; x_wconf 82' lang='lat' dir='ltr'><strong>(Regio</strong></span> <span class='ocrx_word' id='word_1_473' title='bbox 1462 4536 1574 4591; x_wconf 71' lang='lat' dir='ltr'><strong>tribuit*</strong></span> 
     </span>
     <span class='ocr_line' id='line_1_48' title="bbox 233 4613 1561 4690; baseline -0.005 -21"><span class='ocrx_word' id='word_1_474' title='bbox 233 4615 337 4690; x_wconf 89' lang='lat' dir='ltr'><strong>Boub.)</strong></span> <span class='ocrx_word' id='word_1_475' title='bbox 355 4615 409 4674; x_wconf 85' lang='lat' dir='ltr'><strong>W.</strong></span> <span class='ocrx_word' id='word_1_476' title='bbox 429 4619 459 4667; x_wconf 88' lang='lat' dir='ltr'><strong>in</strong></span> <span class='ocrx_word' id='word_1_477' title='bbox 477 4616 582 4686; x_wconf 81' lang='lat' dir='ltr'><strong>Ed.pr</strong></span> <span class='ocrx_word' id='word_1_478' title='bbox 586 4632 676 4668; x_wconf 82' lang='lat' dir='ltr'><strong>‚cum</strong></span> <span class='ocrx_word' id='word_1_479' title='bbox 705 4615 754 4688; x_wconf 94' lang='lat'><strong>[].</strong></span> <span class='ocrx_word' id='word_1_480' title='bbox 781 4645 819 4658; x_wconf 89' lang='lat'><em>-</em></span> <span class='ocrx_word' id='word_1_481' title='bbox 844 4613 944 4687; x_wconf 78' lang='lat' dir='ltr'><strong>Chrys.</strong></span> <span class='ocrx_word' id='word_1_482' title='bbox 972 4619 1047 4666; x_wconf 84' lang='lat' dir='ltr'><strong>ratio</strong></span> <span class='ocrx_word' id='word_1_483' title='bbox 1067 4615 1132 4669; x_wconf 85' lang='lat' dir='ltr'><strong>ML.</strong></span> <span class='ocrx_word' id='word_1_484' title='bbox 1153 4614 1227 4668; x_wconf 88' lang='lat' dir='ltr'><strong>Ottv.</strong></span> <span class='ocrx_word' id='word_1_485' title='bbox 1249 4615 1402 4687; x_wconf 86' lang='lat' dir='ltr'><strong>Utrumque</strong></span> <span class='ocrx_word' id='word_1_486' title='bbox 1423 4634 1455 4666; x_wconf 83' lang='lat' dir='ltr'><strong>ex</strong></span> <span class='ocrx_word' id='word_1_487' title='bbox 1476 4620 1561 4666; x_wconf 83' lang='lat' dir='ltr'><strong>inter-</strong></span> 
     </span>
     <span class='ocr_line' id='line_1_49' title="bbox 232 4686 1562 4766; baseline -0.002 -25"><span class='ocrx_word' id='word_1_488' title='bbox 232 4691 288 4765; x_wconf 86' lang='lat' dir='ltr'><strong>pol.</strong></span> <span class='ocrx_word' id='word_1_489' title='bbox 327 4687 378 4766; x_wconf 77' lang='grc'><strong>(13)</strong></span> <span class='ocrx_word' id='word_1_490' title='bbox 398 4720 433 4731; x_wconf 89' lang='grc'>-</span> <span class='ocrx_word' id='word_1_491' title='bbox 452 4691 686 4762; x_wconf 57' lang='grc' dir='ltr'><strong>οη)ι.ι(ιι(05ιι</strong></span> <span class='ocrx_word' id='word_1_492' title='bbox 707 4690 767 4758; x_wconf 81' lang='lat' dir='ltr'><strong>(R.,</strong></span> <span class='ocrx_word' id='word_1_493' title='bbox 790 4690 1001 4775; x_wconf 70' lang='lat' dir='ltr'><strong>senescunt)</strong></span> <span class='ocrx_word' id='word_1_494' title='bbox 1040 4689 1222 4763; x_wconf 85' lang='grc' dir='ltr'><strong>(1’)-ο-ιιι.</strong></span> <span class='ocrx_word' id='word_1_495' title='bbox 1243 4694 1271 4739; x_wconf 83' lang='lat' dir='ltr'><strong>et</strong></span> <span class='ocrx_word' id='word_1_496' title='bbox 1290 4692 1361 4745; x_wconf 68' lang='lat'><strong>021.</strong></span> <span class='ocrx_word' id='word_1_497' title='bbox 1379 4693 1412 4743; x_wconf 86' lang='lat' dir='ltr'><strong>D.</strong></span> <span class='ocrx_word' id='word_1_498' title='bbox 1439 4689 1491 4761; x_wconf 72' lang='lat'><strong>(¹5)</strong></span> <span class='ocrx_word' id='word_1_499' title='bbox 1512 4686 1562 4739; x_wconf 78' lang='lat' dir='ltr'><strong>Sic</strong></span> 
     </span>
     <span class='ocr_line' id='line_1_50' title="bbox 232 4750 1559 4840; baseline -0.002 -22"><span class='ocrx_word' id='word_1_500' title='bbox 232 4767 293 4822; x_wconf 90' lang='lat' dir='ltr'><strong>Col.</strong></span> <span class='ocrx_word' id='word_1_501' title='bbox 321 4765 388 4821; x_wconf 86' lang='lat' dir='ltr'><strong>Alii.</strong></span> <span class='ocrx_word' id='word_1_502' title='bbox 415 4764 506 4819; x_wconf 82' lang='lat' dir='ltr'><strong>Gebb.</strong></span> <span class='ocrx_word' id='word_1_503' title='bbox 532 4765 601 4816; x_wconf 80' lang='lat' dir='ltr'><strong>Lall.</strong></span> <span class='ocrx_word' id='word_1_504' title='bbox 625 4773 650 4822; x_wconf 89' lang='grc'><strong>1.</strong></span> <span class='ocrx_word' id='word_1_505' title='bbox 669 4768 759 4826; x_wconf 89' lang='lat' dir='ltr'><strong>W.</strong></span> <span class='ocrx_word' id='word_1_506' title='bbox 743 4770 770 4819; x_wconf 77' lang='grc'><strong>2.</strong></span> <span class='ocrx_word' id='word_1_507' title='bbox 789 4782 826 4819; x_wconf 67' lang='grc' dir='ltr'><strong>ω</strong></span> <span class='ocrx_word' id='word_1_508' title='bbox 846 4750 994 4827; x_wconf 71' lang='grc' dir='ltr'><strong>Ιειῖἱειιιίας</strong></span> <span class='ocrx_word' id='word_1_509' title='bbox 1013 4783 1079 4818; x_wconf 82' lang='lat' dir='ltr'><strong>nem</strong></span> <span class='ocrx_word' id='word_1_510' title='bbox 1097 4767 1228 4840; x_wconf 71' lang='lat' dir='ltr'><strong>queruli.</strong></span> <span class='ocrx_word' id='word_1_511' title='bbox 1250 4766 1315 4821; x_wconf 78' lang='lat' dir='ltr'><strong>Alii.</strong></span> <span class='ocrx_word' id='word_1_512' title='bbox 1335 4764 1459 4821; x_wconf 73' lang='lat' dir='ltr'><strong>PtBsss·</strong></span> <span class='ocrx_word' id='word_1_513' title='bbox 1466 4762 1559 4818; x_wconf 78' lang='lat' dir='ltr'><strong>IVLD.</strong></span> 
     </span>
     <span class='ocr_line' id='line_1_51' title="bbox 233 4838 1214 4916; baseline 0 -24"><span class='ocrx_word' id='word_1_514' title='bbox 233 4844 286 4911; x_wconf 89' lang='grc'><strong>(--</strong></span> <span class='ocrx_word' id='word_1_515' title='bbox 304 4838 451 4906; x_wconf 78' lang='lat' dir='ltr'><strong>lenienda,</strong></span> <span class='ocrx_word' id='word_1_516' title='bbox 471 4859 619 4912; x_wconf 75' lang='lat' dir='ltr'><strong>qieornnam</strong></span> <span class='ocrx_word' id='word_1_517' title='bbox 639 4843 681 4899; x_wconf 88' lang='lat' dir='ltr'><strong>M.</strong></span> <span class='ocrx_word' id='word_1_518' title='bbox 701 4841 780 4916; x_wconf 84' lang='lat' dir='ltr'><strong>prob.</strong></span> <span class='ocrx_word' id='word_1_519' title='bbox 801 4839 953 4916; x_wconf 78' lang='lat' dir='ltr'><strong>Fabricio)</strong></span> <span class='ocrx_word' id='word_1_520' title='bbox 1208 4866 1214 4881; x_wconf 67' lang='grc' dir='ltr'><strong>ι</strong></span> 
     </span>
    </p>
   </div>
   <div class='ocr_carea' id='block_1_6' title="bbox 0 0 1697 5359">
    <p class='ocr_par' dir='ltr' id='par_1_8' title="bbox 0 0 1697 5359">
     <span class='ocr_line' id='line_1_52' title="bbox 0 0 1697 5359; baseline 0 0"><span class='ocrx_word' id='word_1_521' title='bbox 0 0 1697 5359; x_wconf 95' lang='lat' dir='ltr'><strong> </strong></span> 
     </span>
    </p>
   </div>
  </div>
 </body>
</html>
