3384 5359
961 26 969 63 l
1053 54 1057 58 ,

714 216 723 233 “
972 216 984 265 Ι

564 286 657 382 utu.
681 316 750 381 111.
793 313 836 381 c.
860 313 914 378 st.
938 313 991 377 aa.
1016 314 1070 392 st.
1420 309 1480 375 tos

150 458 243 543 quod
260 467 355 521 vacet
376 455 592 541 turpitudiue;
616 469 670 521 aut
687 458 730 522 ita
747 468 884 553 parv'utn
902 418 1036 536 maluti,
1059 467 1095 521 ut
1107 455 1140 520 id
1161 457 1334 524 obruuttu·¹
1355 453 1480 538 sapien-

149 554 222 630 tia,
240 553 359 638 vixque
378 564 551 636 appareat:
575 552 629 636 qui
650 552 729 617 nihil
751 553 902 636 opinione
922 551 1069 637 affingat,
1094 562 1300 637 assumatque
1317 552 1356 613 ad
1377 549 1486 635 aegri·-

150 647 310 722 tudinem
333 667 394 711 nee
414 646 447 710 id
467 657 558 729 putet
579 667 649 721 esse
670 652 810 726 reatuin,
843 670 879 713 se
900 671 994 735 quatu
1020 646 1153 711 maxime
1177 644 1356 723 excestriam
1376 647 1493 708 luctum

152 763 216 826 que
238 740 376 809 confici:
408 761 472 825 quo
494 734 625 823 pravitts
647 740 723 805 nihil
746 763 815 807 esse
835 743 951 825 possit.
1003 739 1147 806 Edocuit
1163 751 1271 804 tamen
1291 739 1429 813 ratiol,
1444 747 1480 807 ut

152 836 231 903 snihi
258 834 386 920 quidem
414 834 557 921 ridetur,
596 857 693 920 qurum
710 836 785 901 ·hoc
812 836 914 921 ipsum
945 835 1077 921 proprie
1098 856 1165 901 uon
1186 838 1396 920 quaereretur
1415 833 1492 897 hoc·

153 942 321 1012 tempore,
352 951 427 993 num
457 933 543 1013 quod
570 943 653 995 esset
674 931 826 1008 malunt
857 932 918 998 nisi
940 934 1028 1018 quod
1048 929 1130 993 idem
1152 928 1214 992 dici
1235 941 1329 1009 turpe
1350 937 1480 1008 possett

152 1035 260 1087 tamen
274 1034 311 1086 ut
332 1018 543 1100 viderentus⁴,
568 1024 721 1110 quidquid
742 1027 848 1090 easet⁵
869 1025 902 1091 in
924 1024 1124 1110 aegritudine
1146 1022 1231 1098 mali,
1253 1023 1287 1087 id
1308 1043 1373 1087 nou
1392 1032 1483 1084 natu·-

151 1118 224 1181 rale
261 1137 331 1209 cape
346 1162 356 1195 ,
372 1166 381 1177 ,
398 1120 455 1183 sed
490 1119 675 1187 voluntario
711 1118 828 1185 iudicio
865 1131 897 1183 et
933 1119 1091 1203 opinionis
1125 1137 1237 1182 errore
1272 1126 1496 1187 contracturae
1597 1192 1599 1201 ,

153 1214 211 1277 81.
236 1213 431 1276 'scrutatum‘
445 1221 495 1276 est
515 1225 619 1277 autent
641 1236 660 1277 a
681 1213 774 1279 nobis
796 1213 829 1277 id
851 1235 952 1300 genus
973 1212 1201 1298 aegritudinisg
1223 1213 1310 1295 quod
1324 1210 1420 1274 unum
1435 1218 1494 1272 est-

154 1304 296 1370 omnium
324 1305 514 1384 maximum,
549 1318 603 1383 ut,
638 1329 678 1373 eo
711 1309 859 1386 sublato,
892 1309 1091 1395 reliquorum
1122 1306 1260 1371 remedia
1292 1324 1348 1368 ne·
1365 1322 1483 1388 magno

140 1422 257 1485 ,opere
279 1404 460 1484 quaerenda
482 1401 750 1467 arbitraremur-⁶.
975 1484 980 1489 .
1086 1446 1089 1451 -
1141 1442 1144 1450 ι

240 1495 412 1561 XXXIV.
436 1495 516 1561 Sunt
538 1496 619 1558 euim
642 1508 747 1574 certa,
786 1519 869 1582 quae
895 1500 934 1565 de
956 1507 1162 1581 paupertate,
1194 1505 1305 1570 certa,
1343 1492 1486 1578 quaeda

154 1591 222 1653 vita
244 1589 436 1654 inhonorata
459 1600 489 1652 et
513 1586 652 1675 ingloria
674 1590 737 1655 dici
757 1591 1245 1676 soleantt·seprratim⁷tcertae
1266 1587 1395 1652 seltolae
1413 1595 1486 1649 suut

154 1686 195 1745 dc
218 1682 351 1759 exsilio,
377 1685 415 1746 de
436 1681 566 1746 interitu
587 1683 727 1766 patriae,
747 1687 789 1748 de
804 1687 977 1765 servitute,
1002 1689 1041 1749 de
1061 1682 1241 1760 debilitate,
1265 1684 1304 1745 de
1320 1680 1496 1758 caecitate,

155 1777 218 1841 de⁸
238 1777 328 1841 omui
350 1797 441 1854 casu,
465 1775 497 1838 in
520 1797 586 1861 quo
605 1798 722 1842 nomen
744 1782 822 1861 poni
841 1781 924 1844 solet
946 1779 1142 1845 calamitatis.
1201 1778 1293 1841 Haec
1314 1774 1433 1839 Graeci
1453 1775 1487 1839 in

153 1870 302 1955 singutas
320 1870 445 1936 scholas
464 1883 496 1935 et
516 1870 548 1935 in
571 1871 714 1957 singulos
736 1874 839 1938 libros
860 1874 1070 1956 dispertient:
1103 1894 1184 1956 opus
1207 1870 1290 1935 enim
1311 1879 1485 1955 quaerunt:
1591 1906 1595 1912 ι

155 1985 348 2049 quamquam
364 1965 477 2046 plenae
500 1964 728 2047 disputationes
751 1979 824 2030 sunt
839 1967 1091 2033 delectationis⁹.
1135 1967 1190 2031 82.
1213 1967 1258 2029 Et
1279 1975 1382 2029 tamen
1391 1964 1429 2039 ¹⁰,
1453 1947 1502 2026 ut*

155 2058 290 2132 medici,
314 2071 386 2124 toto
408 2079 548 2140 corpore
570 2063 731 2136 ottrando,
755 2062 900 2126 minimae
924 2063 1016 2126 etism
1038 2061 1142 2144 parti,
1167 2060 1194 2133 si
1216 2058 1397 2135 condoluit,
1422 2074 1501 2119 met

157 2154 294 2216 dentur:
318 2152 376 2227 sic,
392 2151 597 2235 philosophia
606 2154 634 2233 ¹}
656 2176 751 2238 quum
767 2155 947 2218 universam
962 2154 1191 2241 aegritudinem
1207 2153 1351 2229 sustulit,
1369 2163 1485 2249 tamen,

157 2247 186 2310 si
204 2246 276 2330 quis
291 2254 386 2312 error
401 2246 558 2310 aliunde¹²
578 2248 716 2325 exstitit,
743 2248 768 2312 si
782 2262 955 2335 paupertas
978 2247 1173 2325 momordit,
1197 2247 1224 2312 si
1240 2246 1411 2330 ignominia
1428 2268 1489 2329 pu·
1535 2272 1537 2277 ·

156 2339 270 2425 pugit,
295 2339 413 2425 siquid
432 2343 632 2405 tenebrarum
648 2344 763 2409 offudit
782 2344 948 2421 exsilium,
973 2355 1026 2406 attt
1042 2364 1180 2418 eorum,
1196 2362 1278 2426 quae
1294 2343 1390 2405 modo
1408 2339 1486 2415 dixi,
1542 2402 1545 2411 ,

159 2432 285 2516 siquid
307 2434 444 2511 exstitit,
469 2435 516 2516 [et
537 2435 612 2517 si⁴³]
635 2436 829 2523 singularum
851 2460 959 2502 rerunt
982 2449 1053 2501 sunt
1067 2436 1222 2520 propriae
1237 2434 1487 2499 consolationes:

160 2532 200 2592 de
224 2528 342 2613 quilius
363 2528 470 2593 a'ttdies
493 2540 527 2592 tu
550 2532 696 2616 quidem,
720 2555 815 2617 quum
840 2533 943 2598 voles.
997 2533 1060 2595 Sed
1084 2534 1123 2596 ad
1142 2534 1274 2601 eundem
1293 2529 1415 2619 iontem
1437 2548 1489 2589 re-

158 2626 349 2686 vertendum
368 2634 434 2700 est,
473 2623 703 2709 aegritudinem
728 2647 854 2691 omnem
879 2625 995 2709 procul
1017 2627 1128 2689 abesse
1156 2647 1175 2688 a
1204 2622 1364 2706 sapiente3
1400 2624 1489 2708 qttod

156 2714 259 2780 inanis
291 2716 350 2792 sit,
385 2719 473 2800 qttod
492 2718 614 2781 frustra
636 2720 850 2802 suscipiatur,
885 2724 974 2804 quod
994 2742 1058 2786 uon
1081 2716 1194 2783 natura
1216 2720 1398 2795 exoriatur,
1423 2712 1490 2781 ‘scd

157 2809 298 2886 iudicio,
333 2813 390 2876 sed
411 2809 581 2893 opinione,
617 2815 674 2876 sed
695 2812 1034 2898 quadamjnvitatioue
1056 2816 1096 2877 ad
1117 2816 1304 2907 dolendum,
1340 2833 1435 2897 quum
1456 2810 1490 2873 id
1561 2792 1564 2815 ¹

157 2898 395 2968 decreverimus
423 2903 468 2967 ita
488 2903 560 2968 fieri
585 2917 753 2989 oportere.
808 2908 862 2972 88.
893 2910 970 2975 Hoc
999 2912 1164 2985 detracto,
1199 2909 1287 2993 quod
1311 2918 1412 2971 totum
1441 2915 1500 2967 est·

159 2997 397 3073 voluntarium,
435 2998 603 3084 aegritudo
633 3000 693 3063 erit
721 3002 844 3065 sublata
874 3001 929 3068 illa
958 3024 1122 3066 maerens:
1161 3020 1286 3065 morsus
1322 3010 1424 3061 tumen
1457 3008 1490 3059 et

55 3126 62 3135 -
158 3091 434 3156 contractiuncula
443 3092 469 3133 ¹⁴
491 3095 642 3177 quaedam
661 3094 754 3158 animi
770 3096 1017 3181 relinquetur¹⁵.
1060 3098 1154 3160 Hauc
1175 3095 1377 3157 dicantsane
1399 3101 1490 3154 uatu-

237 3307 275 3384 (1)
294 3340 333 3353 -
352 3310 519 3363 adservatur
538 3312 604 3379 Gn,
622 3312 694 3367 unde
714 3314 815 3369 Brutus
835 3332 936 3464 turpe
949 3345 986 3359 —
1005 3315 1160 3367 obteratur.
1199 3311 1238 3386 (⁹)
1256 3338 1294 3355 -ι-
1313 3313 1406 3363 oratio
1420 3311 1490 3365 ced.

158 3389 241 3459 liegii
261 3385 330 3460 (non
350 3391 497 3461 optimus.)
515 3388 551 3442 D.
571 3392 602 3440 in
620 3386 671 3442 Ed.
691 3409 732 3464 pr.
752 3389 822 3443 Lall.
887 3391 912 3459 ³)
938 3392 986 3447 Sic
1009 3389 1056 3466 (tt.
1075 3396 1105 3442 in
1125 3404 1187 3443 mea
1206 3384 1272 3459 quid
1338 3385 1489 3440 collatione
1543 3408 1548 3417 =

158 3461 234 3521 nihil
259 3462 427 3516 diversitatis
452 3460 588 3542 notatur.)
615 3458 665 3520 Gr.
694 3465 724 3520 l..
752 3469 781 3520 in
807 3483 845 3521 m.
865 3469 947 3526 usai
967 3465 1058 3520 Gebh.
1079 3467 1160 3539 Seqq.
1179 3494 1218 3509 ··-
1235 3405 1318 3518 uultin

159 3545 235 3591 esset
258 3538 361 3589 naulum
380 3535 464 3593 tend
483 3553 497 3589 a
519 3540 640 3607 Quercu.
665 3538 791 3594 Turbam
816 3540 885 3593 Cdd.
907 3557 934 3595 et
953 3539 1023 3595 Edd.
1043 3557 1108 3597 vett.
1129 3561 1153 3595 ν.
1173 3559 1216 3594 e.:
1236 3567 1273 3582 ο·
1292 3556 1326 3589 ne
1345 3556 1405 3589 esse
1423 3542 1490 3607 qui-
1555 3574 1558 3577 Δ

111 3670 119 3687 ,
158 3614 235 3677 alena
243 3613 328 3664 ullum
347 3613 450 3664 malum
468 3613 500 3665 E.
522 3643 556 3656 -
576 3632 610 3665 na
629 3614 737 3687 quidem
756 3616 841 3673 ullum
860 3634 919 3667 csse
938 3635 974 3670 m.
995 3617 1084 3671 (ΝΜ.
1102 3645 1141 3659 ·-
1159 3636 1193 3668 tte
1212 3614 1297 3669 ullum
1309 3612 1417 3684 urridens
1430 3629 1489 3662 etse

159 3708 189 3742 m
219 3689 251 3742 L.
265 3691 353 3748 1566.
401 3686 438 3763 (Α)
463 3717 501 3730 —-
527 3696 586 3747 tum
605 3699 638 3741 ut
655 3708 685 3744 aa.
704 3689 783 3744 Leld.
803 3689 852 3765 (-
871 3691 992 3743 Edocuit
1009 3701 1106 3761 tamen
1123 3698 1216 3757 ratio,
1242 3698 1273 3740 us
1292 3687 1360 3740 milti
1377 3687 1490 3738 videtur

158 3782 243 3837 quum
262 3760 313 3815 lroc
332 3768 422 3837 ipasum
437 3768 553 3835 proprie
572 3783 629 3816 nou
649 3775 851 3836 quaereremur,
870 3786 952 3837 quiam
971 3785 1005 3818 ne
1023 3768 1097 3838 quod
1114 3777 1185 3821 esset
1199 3766 1323 3830 malum,
1344 3769 1400 3815 nist·
1417 3760 1492 3832 qttod

159 3841 235 3892 idem
260 3839 315 3894 dici
341 3847 422 3911 turpe
442 3847 558 3911 posset,
590 3849 651 3893 turn
676 3851 707 3893 ut
731 3843 891 3895 videremus
917 3843 1004 3895 Bouh.
1030 3841 1118 3921 susp.)
1168 3842 1205 3910 (⁵)
1224 3866 1260 3882 ··
1278 3840 1334 3893 orn.
1354 3846 1427 3891 essct
1446 3837 1489 3893 dl·

159 3914 199 3990 (ᾗ)
218 3943 256 3959 -
274 3915 447 3969 arbitremur
466 3932 529 3968 cum
551 3913 620 3977 cdd.
641 3915 705 3988 usq.
730 3916 763 3971 u.
784 3918 858 3973 out.
881 3917 949 3991 (w.
969 3923 999 3971 n
1017 3917 1068 3971 aa.
1089 3915 1143 3992 ρ..)
1183 3912 1489 3985 innumeranda.

1320 3457 1490 3539 quidudum
1513 3510 1518 3527 ‚

53 4045 59 4049 ,
162 3993 247 4062 Seqq.
271 4019 310 4034 -
333 3995 489 4061 separatim
506 3999 600 4045 autem
618 3988 849 4048 PansEcvML.
896 3990 933 4066 (⁸)
955 3995 1002 4048 Sic
1020 3991 1047 4045 b.
1069 3998 1121 4047 lilii
1142 3990 1210 4046 Cdd.
1230 3991 1266 4045 D.
1286 3991 1339 4051 W.
1360 3994 1386 4049 2.
1406 4014 1444 4031 -
1460 3994 1490 4063 pt
1575 4040 1576 4045 ,
1670 3986 1672 4001 '

145 4067 196 4139 'dc
216 4070 318 4121 Ceteri.
355 4063 393 4141 (9)
413 4065 460 4118 Sic
480 4066 539 4120 Col.
559 4067 714 4123 Fabricius.
734 4071 786 4126 W.
806 4074 833 4123 2.
855 4089 910 4137 ,ε
927 4087 972 4139 qu.
988 4069 1089 4143 planae
1107 4069 1310 4142 disputationes
1322 4065 1499 4121 delectatio,

160 4148 208 4195 uis
232 4148 298 4195 runt
322 4142 404 4206 Bern.
430 4145 497 4197 item
520 4139 554 4195 de
579 4141 700 4196 Tumebi
720 4144 858 4197 sententia
877 4145 909 4197 L.
929 4148 958 4197 in
979 4149 1053 4197 cutis
1073 4161 1129 4197 aec.
1150 4142 1240 4198 Gebh.
1260 4143 1294 4194 D.
1315 4140 1386 4194 Lall.
1407 4149 1432 4196 1.
1452 4166 1491 4182 -

160 4218 329 4292 pupianus
354 4217 448 4289 plane
474 4218 538 4281 Gr.)
565 4216 764 4291 disputationis
783 4216 851 4293 (sic)
870 4218 1062 4273 delectationis
1081 4227 1146 4272 sttnt
1166 4221 1198 4273 tt.
1218 4220 1268 4272 Gt.
1287 4244 1326 4259 -··
1343 4234 1388 4287 qus.
1404 4214 1500 4286 plana,

161 4295 364 4366 disputationis
387 4301 469 4358 stant,
495 4290 691 4346 delectationis
717 4294 923 4351 PaBsEcvM.
949 4291 999 4368 ζ·-
1023 4314 1068 4366 qu.
1084 4297 1171 4369 plane
1190 4295 1390 4365 disputationis
1407 4297 1489 4353 sttnt,

160 4388 221 4423 non
239 4368 434 4423 delectationis
453 4369 486 4423 L.
510 4367 603 4445 1566.)
642 4366 692 4443 (¹⁰)
711 4399 749 4413 -
766 4369 879 4421 Etenim
897 4372 990 4439 Βοιώ.
1006 4378 1080 4443 susp.
1120 4369 1170 4445 (Η)
1190 4399 1226 4411 --
1245 4374 1285 4419 sia
1298 4364 1490 4438 philosophiae

160 4448 231 4505 Ero.
245 4448 422 4516 susp-sic
437 4446 467 4497 in
475 4441 585 4514 plsiloso
604 4443 651 4495 luia
667 4446 788 4499 Nissenii
801 4461 878 4517 susp.
917 4446 1023 4512 (19)-
1042 4445 1171 4498 alicunde
1190 4446 1350 4519 Ern3sttsp,
1378 4440 1496 4506 (¹³)Sio'
1589 4442 1592 4449 ⁴

161 4518 235 4573 cdd.
255 4519 370 4592 pleriq„
399 4522 483 4571 etiam
511 4517 537 4571 b.
603 4512 1502 4591 [].oo[)el.,l..Scl1.,2.--.etsing.011.,utuolebut¹

159 4595 256 4651 Bentl.
283 4625 319 4636 -
344 4588 531 4662 etiam'sing.
558 4595 681 4648 Turnebi
707 4611 782 4667 susp.
808 4622 843 4636 -
869 4602 894 4646 ei
918 4603 995 4665 sing.
1014 4597 1051 4651 D.
1071 4615 1144 4668 susp.
1163 4625 1201 4640 -
1219 4601 1248 4645 ct
1267 4598 1306 4644 sic
1324 4597 1400 4659 sing.
1420 4585 1489 4639 Cdd.

161 4674 231 4742 aliq.
243 4668 321 4743 prob.
332 4670 421 4723 Boult.
434 4696 465 4710 ι·-
476 4679 505 4720 et
517 4668 581 4721 ltuic
593 4677 667 4740 sing.
684 4669 751 4722 Lall.
763 4670 798 4732 ¹de
812 4671 847 4745 D.
862 4688 934 4746 susp.
946 4677 1047 4744 priore.
1067 4726 1069 4733 .
1087 4673 1136 4748 (¹4)
1157 4675 1203 4725 Sic
1218 4674 1273 4723 iam
1287 4664 1328 4720 M.
1344 4666 1385 4719 lle
1400 4661 1489 4716 Bentl.

161 4746 266 4803 6113.
288 4745 355 4798 Lall.
375 4743 428 4801 Wt
449 4749 475 4801 2.
493 4775 533 4793 -r-
551 4748 805 4801 contractiunculac
831 4744 900 4801 Cdd.
928 4750 1044 4801 Ceterae
1068 4745 1156 4811 Edd,
1189 4738 1274 4798 ctiam
1300 4740 1355 4796 Db.
1380 4741 1492 4794 Praete·

160 4839 210 4882 sea
236 4851 276 4866 --
298 4828 410 4878 tautum
435 4819 542 4874 volebat
569 4821 658 4876 Bentl.
719 4820 756 4889 ¹⁵)
783 4824 830 4875 Sic
850 4820 883 4874 dc
902 4822 993 4876 Bentl.
1013 4819 1044 4879 Ε.
1063 4824 1114 4881 Da,
1134 4818 1204 4875 Lall.
1223 4820 1276 4875 W.
1296 4819 1323 4872 2.
1344 4845 1382 4859 -
1399 4814 1491 4864 relin-

160 4906 285 4973 pteutur
304 4899 413 4959 Ceteri,
434 4900 518 4949 etiam
539 4897 580 4952 tt.
607 4821 742 4967 Deisnlit
759 4897 858 4951 Nissen
878 4897 1026 4975 vulgatam.
1565 4892 1568 4899 ’

221 5000 291 5043 cuer.
307 4996 392 5040 tutat,
488 5036 494 5049 ,
577 5039 590 5065 5
730 5064 733 5079 .
1024 5038 1030 5059 ἱ
1133 4971 1153 5033 8
