3384 5359
214 233 287 345 ers
492 319 497 336 ,
627 255 872 343 *nausson
894 277 1110 343 aursino.

286 422 367 475 Cur.
387 420 498 475 xxix.
524 418 643 472 Natura
664 413 752 489 affirt
767 419 910 472 dolorem.-
931 424 977 472 eui
994 418 1104 492 quidem
1120 419 1260 485 Crantor,
1278 425 1422 491 inquirunt,
1444 435 1544 474 noster

211 495 360 551 cedendum
376 498 471 567 putat]
499 493 592 550 Codex
608 511 687 558 tuus,
712 509 742 547 ut
760 495 808 548 alii
823 495 964 568 plerique,
985 497 1110 549 Crantor
1128 495 1280 554 vEs.ssu;
1303 494 1377 567 quod
1395 512 1542 569 perperam

215 570 369 644 repudiavit
392 568 565 626 Gebbardus.
611 573 814 623 Auctoritatem
842 571 986 624 Crantoris
1015 570 1063 624 bic
1091 570 1228 624 obiiciunt
1254 572 1399 632 (Ἀσωπίς
1431 577 1478 643 qui
1511 590 1542 626 se

212 648 409 703 Academicum
432 642 569 772 proleque
589 660 605 696 a
624 649 758 718 magistro
780 644 936 700 dissideret.
973 646 1047 719 Ergo
1066 655 1173 703 vester.
1211 650 1275 700 uon
1293 651 1368 699 enim
1389 651 1442 719 ipsi
1460 661 1542 700 erant

213 723 389 787 Academici,
416 725 461 792 qui
481 720 516 773 hu
533 737 549 772 c
568 737 716 793 reponunt.

289 799 367 851 Cae.
389 797 483 850 XXX.
512 795 602 865 Quum
620 804 730 848 constet
745 795 951 864 aegritudinem
970 805 1112 848 vetsastate
1130 798 1208 861 tolli,
1233 796 1306 848 hanc
1324 803 1383 848 vs'm
1402 814 1458 848 non
1477 816 1540 848 esse

119 883 125 892 '
212 879 243 926 in
264 873 308 924 die
328 878 466 946 positam,
489 871 541 921 sed
560 876 590 921 in
611 875 785 938 cogitatione
811 869 922 940 diurna]
949 875 1059 927 Priores
1082 890 1177 926 omues
1199 873 1396 926 DlU'I'URNA
1420 871 1539 926 babent:

213 964 245 1002 ut
270 965 350 1014 mox,
384 948 529 1013 Cogitatio
551 951 643 1015 igitur
666 946 877 1010 DlUTURNA,
903 946 977 998 nihil
995 966 1054 998 esse
1071 952 1104 998 in
1126 966 1157 998 re
1179 950 1262 1012 mali,
1288 947 1381 999 dolori
1403 947 1540 1013 medetur,

212 1042 270 1076 non
293 1029 356 1094 ipsa
378 1021 645 1075 DlUTUliNlTAS.
690 1023 798 1074 Primus
820 1020 985 1076 Gebhardus
1013 1028 1108 1076 nescio
1135 1021 1234 1095 quibus
1260 1027 1434 1093 intemperiis
1459 1039 1538 1076 aetus

213 1100 356 1155 DiURNA
376 1113 492 1167 utroque
510 1095 574 1148 loco
594 1101 733 1168 reposuit,
760 1112 906 1167 quattuor,
933 1112 963 1150 ut
984 1101 1038 1163 ait,
1065 1096 1192 1151 codicum
1212 1104 1378 1151 auctoritate
1398 1097 1538 1151 inductus.

213 1173 290 1244 Quid
315 1174 369 1226 boc
392 1174 505 1224 homine
526 1169 631 1224 iacias?
658 1170 802 1243 Reliquum
821 1187 880 1225 erat
900 1171 1041 1245 prolecto,
1064 1190 1094 1227 ut
1115 1179 1199 1226 etiam
1219 1174 1361 1224 diurnitas
1380 1190 1537 1245 reponeret.

213 1251 299 1321 Atqui
324 1249 397 1300 Dies
418 1248 464 1299 hic
489 1261 568 1299 notat
593 1246 708 1314 longam
733 1246 823 1312 diem,
849 1248 1082 1318 longinquitatem
1107 1253 1257 1319 temporis‚·
1284 1264 1314 1300 ut
1335 1253 1440 1321 passim
1464 1254 1539 1302 acci-

213 1329 297 1398 pitur.
336 1323 409 1395 Ergo
431 1321 565 1372 dirsturna
586 1321 749 1394 legendum,
774 1339 831 1375 nou
854 1321 967 1376 diurna.

289 1398 370 1450 Cur.
392 1398 500 1450 xxxi.
528 1396 701 1469 Chrysippus
723 1405 816 1447 autem
838 1407 922 1469 caput
946 1416 1005 1449 esse
1022 1405 1116 1449 censet
1133 1403 1163 1449 ln
1181 1396 1366 1462 consolando,
1390 1396 1539 1449 detrahere

213 1476 294 1529 illam
312 1477 468 1543 opinionem
486 1478 638 1534 maerenti,
662 1476 685 1524 si
709 1488 738 1525 se
756 1469 859 1543 officio
874 1470 971 1542 fungi
992 1488 1069 1547 putet
1088 1478 1162 1525 iusto
1184 1482 1265 1543 atque
1288 1472 1393 1541 debito]
1423 1475 1456 1526 ln
1479 1480 1539 1543 qui-

214 1549 333 1602 busdam
357 1546 498 1601 codicibus
521 1545 597 1599 deest
620 1544 688 1599 illud
708 1546 758 1610 Sl,
786 1552 813 1599 in
836 1547 898 1600 aliis
920 1548 979 1612 SE,
1009 1548 1065 1602 Alii
1089 1547 1247 1601 habentne
1267 1565 1312 1612 se,
1336 1566 1406 1601 unus
1426 1568 1460 1600 ex
1484 1554 1537 1603 tuis

216 1635 247 1677 ut
268 1642 307 1678 se.
346 1625 402 1675 lias
428 1639 492 1675 sunt
517 1621 713 1675 hariolationes
730 1619 938 1689 Librariorum,
969 1628 1015 1696 qui
1035 1627 1163 1677 vitiosam
1182 1628 1335 1676 orationem
1354 1623 1437 1675 iacile
1454 1639 1539 1696 agno-

157 1705 159 1709 ”
214 1717 329 1763 vesunt,
361 1696 489 1751 morbum
513 1716 577 1750 vero
602 1697 682 1752 aitrus
702 1697 836 1750 latentem
860 1704 1040 1769 nequiverunt
1063 1696 1280 1771 deprehendere:
1310 1703 1356 1770 qui
1381 1704 1453 1762 iam,
1485 1704 1540 1753 nisi

214 1774 293 1831 ualde
314 1769 415 1838 fallor,'
436 1769 555 1825 feliciter
575 1787 602 1825 et
621 1769 747 1826 funditus
771 1771 892 1826 tolletur.
930 1776 1001 1845 Lege
1024 1778 1099 1826 enim
1120 1772 1249 1827 fidenter:
1276 1773 1439 1826 Detrahere
1461 1776 1540 1826 illatas

215 1854 372 1923 opinionem
394 1852 548 1911 maerenti,
572 1864 602 1900 se
625 1845 728 1918 officio
739 1844 836 1917 fungi
855 1846 1003 1914 rimini*
1021 1853 1113 1912 iusto,
1138 1860 1222 1919 atque
1239 1848 1341 1901 debito.
1381 1850 1422 1900 Ex
1439 1855 1489 1918 pio
1508 1858 1538 1901 et

216 1926 358 1980 Librarius
382 1924 480 1994 aliquis
503 1919 625 1975 oscitans
642 1930 724 1992 putet
750 1920 905 1994 effingebat.
944 1921 1085 1994 Officium
1103 1929 1181 1995 pium
1203 1939 1283 1997 saepe
1304 1923 1402 1977 babes:
1427 1924 1476 1977 sed
1497 1925 1538 1978 rel

215 2006 314 2055 unicus
327 2000 405 2052 locus
419 1996 451 2049 ad
462 2002 650 2064 coniecturam
664 2013 788 2050 nostram
803 1996 996 2051 stabiliendam
1012 1997 1118 2052 abunde
1132 1996 1247 2059 sufficie
1270 2000 1357 2072 Epist.
1371 2000 1391 2051 F
1393 2016 1445 2052 sm.
1453 2000 1503 2064 vl,
1514 2009 1538 2056 t.

215 2078 276 2129 Nec
301 2080 375 2126 enirn
395 2090 448 2123 nos
471 2073 597 2123 arbitror
621 2077 759 2124 victoriae
779 2079 914 2144 praemiis
939 2074 1054 2138 dractos,
1080 2079 1207 2145 patriam
1233 2074 1299 2126 olim
1327 2082 1357 2125 et
1382 2074 1487 2126 aberas
1510 2084 1538 2125 et

206 2150 352 2224 fortunas
378 2149 537 2218 reliquisse:
568 2147 620 2198 sed
643 2147 781 2218 quoddam
808 2147 888 2199 nobis
913 2148 1095 2202 OFFiClUM
1122 2149 1269 2202 IUSTUM
1295 2148 1343 2201 ET
1368 2150 1468 2202 P1UA1
1490 2150 1540 2206 Ei*

102 2254 112 2270 ι
216 2223 388 2280 DEBITUM
413 2228 456 2275 rei
476 2222 604 2293 publicae
627 2231 793 2295 nostraeque
818 2221 958 2292 dignitati
981 2223 1146 2275 videbamur
1165 2230 1249 2295 sequi.
1287 2224 1392 2277 Omnia
1414 2227 1461 2278 bic
1481 2231 1540 2299 epi-

217 2304 292 2356 tbeta
315 2298 396 2352 simul
421 2303 549 2363 veniunt,
574 2303 652 2370 pium
680 2306 709 2349 et
736 2302 840 2348 ireseum
864 2307 946 2369 atque
966 2296 1104 2351 delitum:
1133 2298 1239 2353 locutio
1264 2317 1327 2352 vero
1353 2304 1409 2352 iam
1434 2317 1538 2372 quanto

216 2376 334 2432 nitidior
356 2373 413 2428 est!
440 2389 470 2426 ut
491 2377 536 2425 vix
555 2377 632 2445 ipse,
655 2370 753 2439 credo,
775 2371 955 2439 Gebhardus,
978 2378 1002 2428 si
1019 2379 1050 2428 in
1071 2378 1139 2430 vivis
1158 2390 1247 2439 esset,
1269 2391 1405 2448 utcunque
1425 2381 1538 2448 scriptis

216 2451 361 2506 codicibus
387 2447 513 2502 addictus
538 2463 565 2501 et
593 2452 761 2502 coniecturis
786 2447 915 2503 omnibus
942 2453 1069 2520 iniquus,
1104 2447 1138 2502 de
1164 2451 1245 2503 buius
1271 2455 1386 2504 veritate
1412 2450 1539 2503 dubitare

216 2525 480 2666 iiiiit‘·..iit
498 2522 1494 2673 iiii.:'²ii¹.²..¹i‘⁵⁰‹3:i,¹.iiiiii..‘'iiiiii“tit
1511 2541 1539 2654 ἒξ

217 2675 420 2740 indubitatum,
453 2691 548 2727 onutes
567 2674 800 2745 perturbationes
822 2674 927 2726 istdteio
948 2672 1023 2747 fieri
1045 2685 1074 2727 et
1093 2680 1237 2747 opinione,
1262 2673 1374 2729 Tuscul.
1395 2676 1443 2741 w,
1464 2681 1492 2734 7.
1512 2691 1539 2730 et

216 2752 260 2806 rel
281 2756 342 2824 ipsa
363 2766 459 2802 eorum
482 2747 606 2801 definitio
631 2749 813 2823 aegritudiuis
839 2749 894 2803 boc
919 2749 1055 2823 ponebat;
1075 2749 1206 2821 'Opinio,
1233 2754 1325 2814 aiunt,
1354 2769 1452 2802 recens
1471 2751 1540 2802 maii

212 2830 391 2902 praesentis,
422 2830 459 2888 in,
473 2842 527 2896 quo
547 2822 658 2876 demitti
681 2822 863 2895 contrahique
884 2830 980 2876 animo
1006 2833 1114 2877 rectum
1135 2843 1194 2876 esse
1215 2824 1358 2880 videatur.
1397 2827 1455 2894 Qui
1474 2842 1539 2897 ergo

216 2904 386 2975 Chrysippus
415 2899 507 2953 dicere
533 2904 641 2972 potuit,
670 2897 704 2953 Sl
732 2917 862 2953 maerens
882 2918 913 2951 se
931 2908 1015 2972 putet
1030 2898 1254 3028 θοίβοίιῖἶιαιόνί
1274 2904 1351 2951 iusto
1373 2908 1402 2952 et
1425 2900 1540 2953 debito?

217 2980 304 3048 Quasi
328 2975 439 3029 veroid
459 2974 570 3038 Stoicus
595 2978 624 3027 in
650 2974 708 3028 ulio
728 2991 868 3028 maerente
888 2975 969 3029 aliter
992 2975 1050 3029 fieri
1071 2973 1147 3029 credi
1168 2981 1232 3031 erit.

293 3053 373 3105 Cur.
392 3051 529 3105 XXXIV.
553 3049 716 3119 Aegritudo
738 3056 796 3102 erit
815 3049 928 3102 sublata
946 3051 997 3102 illa
1015 3069 1160 3103 maerens:
1181 3067 1291 3103 morsus
1311 3064 1404 3104 tamen
1425 3060 1455 3103 et
1473 3069 1541 3105 con·

217 3126 420 3184 tractioneulse
446 3123 583 3197 quaedam
608 3130 696 3177 animi
720 3125 925 3197 relinquentur;
957 3125 1153 3178 hancdicant
1176 3144 1245 3178 sane
1269 3127 1444 3192 naturalem,
1473 3127 1539 3179 dum

215 3200 407 3272 aegritudinis
422 3218 521 3253 nornen
539 3200 627 3269 adsit]
655 3201 754 3254 Oratio
774 3203 844 3253 haee
863 3201 1042 3266 soloecisset,
1064 3201 1137 3272 quod
1155 3206 1317 3274 interpretes
1338 3220 1394 3254 nou
1415 3200 1540 3254 animad-

214 3282 329 3332 vertisse
348 3275 478 3331 demiror.
517 3277 581 3343 Quo
597 3281 670 3329 enim
689 3269 789 3330 reseres
807 3274 874 3327 illud
890 3277 992 3327 Hanc?
1020 3278 1089 3349 Lege
1110 3282 1169 3329 siue
1190 3277 1290 3329 dubio:
1311 3278 1431 3328 Morsus
1450 3277 1538 3331 TAN-

215 3352 304 3407 TUM
326 3366 353 3406 et
376 3350 740 3422 CONTRACTIUNCULA
762 3350 899 3422 quaedam
925 3355 1014 3402 amnti
1037 3352 1314 3422 RELINQUETUR:
1343 3350 1416 3421 hanc
1442 3351 1538 3404 alicam

215 3445 285 3480 sane
309 3426 477 3479 naturalem.
514 3425 571 3478 Ubi
597 3424 669 3477 hane
695 3429 815 3496 accipies
841 3428 1122 3479 contractiunculam.
1167 3425 1261 3480 Codex
1284 3444 1346 3480 tuus
1369 3444 1418 3500 pro
1444 3436 1536 3479 tamen

216 3503 301 3557 habet
323 3505 407 3554 erum(
443 3499 515 3573 lege
536 3506 560 3552 vi
585 3505 671 3573 ipsius
690 3505 845 3555 sententiae
869 3509 996 3552 tantiam:
1020 3517 1084 3554 uam
1105 3502 1173 3554 haec
1192 3493 1324 3555 vocabula
1349 3506 1452 3575 passim
1471 3520 1535 3554 con-

216 3575 368 3632 funduntur
393 3590 408 3628 a
435 3574 578 3629 Librariis.
622 3574 699 3629 idem
725 3575 772 3628 ille
799 3574 886 3629 codex
910 3575 982 3627 hanc
1009 3578 1121 3630 exhibet
1148 3581 1176 3629 in
1207 3592 1296 3630 textu:
1330 3595 1366 3631 et·
1384 3595 1435 3651 pro
1463 3583 1536 3630 uaria

215 3651 338 3707 lectione
357 3649 437 3703 luens.
476 3650 617 3703 Utrumvis
638 3666 712 3705 recte
734 3650 833 3718 babet,;
859 3667 925 3703 nam
945 3655 991 3722 qui
1014 3650 1085 3705 hisne
1104 3652 1228 3723 tegebat,
1250 3651 1385 3707 relerebst
1404 3651 1439 3706 ad
1457 3670 1536 3705 mor-

167 3745 171 3752 ·
216 3747 286 3782 sum.
325 3727 472 3789 Ceterum,
497 3742 580 3797 quum
601 3730 630 3778 io
649 3727 833 3792 Tusculanis,
857 3743 916 3780 tum
936 3727 1003 3779 alibi
1026 3744 1106 3799 saepe
1125 3743 1239 3800 usurpat
1259 3729 1358 3781 Cicero
1378 3733 1536 3779 contractio

216 3807 321 3870 ammi,
342 3818 370 3858 et
387 3800 496 3853 doloris
510 3818 650 3868 marsum:
671 3818 814 3875 nunquam
831 3819 894 3856 vero
913 3800 1026 3857 adhibet
1041 3819 1186 3856 numerum
1205 3802 1339 3876 pluralem
1360 3808 1536 3856 contractio-

115 3939 118 3948 ,
217 3897 268 3933 stes
289 3890 336 3934 aut
357 3894 475 3931 morsus.

737 4045 1021 4062 ῃ

610 4248 697 4315 AD
738 4250 1030 4317 LIBRUM
1072 4251 1148 4316 lv.

293 4409 374 4466 Cur.
393 4412 442 4467 IV.
460 4409 525 4463 Nos
544 4412 708 4461 institutum
730 4409 883 4463 teneliuuss
900 4410 1040 4481 nullisque
1060 4416 1144 4462 unius
1170 4408 1335 4481 disciplinae
1356 4408 1468 4478 legibus
1488 4408 1537 4462 ad·

219 4488 329 4561 scripti]
355 4479 467 4541 Nollem
485 4501 513 4539 te
532 4499 588 4539 tam
607 4486 694 4540 calide
714 4492 752 4540 iu·
764 4501 867 4540 textum
885 4486 1025 4541 admisisse
1039 4486 1108 4540 illud
1123 4486 1279 4557 Adseriptt',
1302 4491 1386 4539 unius
1400 4490 1443 4578 rui
1460 4483 1539 4574 codi-

213 4559 1538 4708 iiiiiii‘i'tiz.iiiiiiii‘g'iiiiiii'iieitiiiziiiifiittitii

219 4718 336 4766 aiterum
355 4709 464 4779 legibus
477 4711 671 4766 instructi
692 4716 799 4780 quoties
818 4729 904 4780 quum
924 4713 993 4783 apud
1011 4715 1173 4766 Ciceronem
1196 4729 1255 4764 tum
1272 4730 1296 4763 es
1313 4714 1384 4761 aiios
1405 4704 1537 4762 occurrit!

219 4789 296 4856 Quot
315 4788 369 4841 alia
385 4801 421 4840 'ex
441 4783 535 4846 cadem
557 4787 719 4849 tralatione,
742 4785 852 4855 legibus
871 4790 1036 4851 restrictus,
1060 4785 1220 4854 obligatus,
1248 4785 1418 4849 obstrietus,
1441 4783 1538 4853 impii·

222 4869 319 4928 satus,
342 4865 490 4930 irretitus,
518 4859 649 4914 solistusl
679 4859 746 4915 iude
767 4862 832 4932 iila,
857 4861 952 4930 legum
972 4863 1103 4930 vuuula,
1132 4860 1215 4930 nodi,
1244 4867 1364 4926 nesus,
1378 4876 1407 4915 et
1429 4862 1538 4914 similis.
