3384 5359
213 285 276 347 att
611 252 613 259 ‘
648 281 862 347 raumctt
883 282 1093 348 aurore.

211 442 267 476 non
285 431 398 494 posset,
421 431 518 496 posset
535 425 680 495 Aesopus,
701 421 755 476 hoo
775 436 872 477 s'ensut
894 400 930 476 lit
948 427 980 483 si,
991 421 1162 496 Eurypylum
1184 427 1274 497 virum
1293 421 1394 477 fortem
1417 420 1530 496 puderet

211 499 342 554 Patroclo
360 498 469 564 dicere,
489 500 616 570 quiesce,
636 496 783 571 deciusque
803 502 973 571 interrogore
991 515 1056 565 me,
1075 515 1131 571 quo
1149 498 1212 551 loco
1231 516 1275 551 res
1295 498 1467 553 Graecorum
1486 505 1531 568 sit,

211 575 368 647 vulnusque
381 590 475 627 meum
496 573 594 645 alliga:
616 590 673 626 non
695 588 788 626 tamen
807 578 945 646 Aesopum
968 572 1127 647 tragoedum
1151 572 1181 626 id
1202 572 1316 645 puderet
1339 573 1476 646 proloqui.

286 652 310 716 4.
329 652 375 705 41.
401 649 496 720 quibus
522 650 716 718 Olympiorum
739 654 863 701 victoria
888 650 1049 700 consulatus
1072 649 1119 700 ille
1144 648 1286 720 antipatris]
1320 650 1394 703 Htec
1419 667 1464 703 mc
1490 654 1530 703 tic

211 728 387 797 interpretari
406 727 535 776 memini:
553 722 633 792 ,Quid
650 740 701 796 ego
719 723 835 777 athletas
852 727 1059 779 commemoro?
1080 723 1189 794 Quibus
1206 725 1401 797 Olympiorum
1416 730 1530 778 victoris

211 803 282 853 santi
303 812 361 864 est,
384 804 479 869 quanti
502 797 583 852 nobis
605 800 736 850 Romanis
754 797 808 852 luit
829 803 956 872 antiquus
977 798 1023 852 ille
1043 797 1217 865 consulatus,
1242 805 1290 872 qui
1310 798 1401 872 dignis
1420 800 1532 873 emplis·

211 878 283 928 simo
308 872 356 926 illo
379 875 485 926 hohore
509 888 615 927 tantum
637 871 833 928 mandabatur:
865 889 896 927 ut
921 878 1049 944 antiquos
1078 874 1237 928 consulatue
1269 891 1425 947 opponatur
1451 892 1531 941 noro,

211 954 259 1020 qui
281 964 338 1002 tum
360 964 376 999 a
399 949 471 1002 lulio
492 948 609 1003 Caesare
631 953 726 1002 amicis
749 954 836 1023 ipsius
853 949 1093 1020 etialuindignis,
1118 966 1200 1020 atque
1216 946 1286 1003 adeo
1302 955 1332 1002 in
1349 966 1432 1003 uuum
1450 949 1530 1015 diens,

157 1086 163 1095 ,
210 1041 242 1078 ut
265 1027 382 1076 Caninio
402 1024 516 1088 Rebilo,
541 1040 605 1077 curn
627 1040 727 1096 magno
753 1040 914 1098 contemptu
935 1029 1112 1097 magistratus
1137 1024 1375 1079 committebatur.
1422 1027 1481 1078 lam
1503 1030 1531 1078 iu

212 1096 310 1152 codice
340 1104 529 1170 manuscripto
561 1115 702 1153 exaratum
730 1104 772 1153 sic
800 1104 927 1153 invenio:
961 1100 1071 1171 qteibus
1084 1099 1280 1172 Olympiorum
1308 1104 1433 1153 victoria
1460 1098 1531 1152 niltit

210 1176 354 1244 antiquius
377 1174 512 1226 videtur?
926 1218 930 1227 ,

288 1247 379 1301 ibid.
404 1255 430 1300 si
458 1253 495 1298 iis
523 1254 597 1300 satis
614 1245 735 1319 sactum
758 1266 814 1300 non
838 1252 889 1316 sit]
922 1246 1037 1302 Addidit
1061 1252 1237 1321 negationem
1259 1267 1293 1302 ex
1316 1248 1395 1302 libris
1417 1253 1530 1305 vetustis

211 1321 366 1377 Turnebus.
405 1325 499 1394 Quum
516 1327 589 1376 enim
605 1323 769 1396 gladiatores
783 1324 859 1387 ¹nihil
874 1323 1005 1387 mallent,
1026 1338 1106 1394 quom
1124 1322 1237 1377 domino
1252 1323 1429 1390 satisfacere,
1448 1330 1531 1397 signi-

211 1398 346 1465 ficabant,
370 1403 396 1448 si
418 1399 538 1450 nondum
557 1405 593 1450 iis
609 1396 795 1469 satisfactum
813 1407 902 1466 esset,
920 1407 1042 1470 paratos
1062 1417 1093 1449 se
1112 1417 1171 1449 esse
1193 1399 1367 1465 decumbere,
1393 1407 1426 1451 ut
1444 1406 1530 1469 iugu-

211 1475 313 1526 lentur.
358 1473 470 1526 Ferrum
493 1489 585 1527 autem
605 1478 726 1546 recipere
749 1472 895 1541 dicuntur,
926 1477 973 1545 qui
995 1474 1126 1545 iugulum
1142 1473 1184 1527 vel
1205 1474 1276 1528 latus
1295 1472 1369 1529 ferro
1387 1475 1528 1547 praebent.

211 1550 273 1602 Iam
293 1546 457 1621 gladiatores
476 1547 584 1603 nobiles
606 1548 635 1602 id
653 1565 732 1622 agere
752 1563 916 1616 consuetae,
945 1538 975 1603 u't
997 1549 1111 1603 honeste
1131 1549 1346 1618 decumberent,
1365 1549 1484 1622 Plsitipp.
1503 1557 1528 1611 ὅ.

214 1623 325 1677 dicitnr.
991 1674 995 1685 .

287 1699 311 1764 4.
328 1701 373 1755 42.
400 1696 573 1767 doloremque
591 1704 650 1749 eius
671 1682 789 1768 omnem]
816 1698 989 1770 doloremque
1011 1703 1052 1750 eis
1069 1716 1178 1751 omrrem
1199 1714 1259 1751 esse
1285 1699 1477 1767 tolerabilem,
1501 1718 1531 1753 ex

107 1832 108 1835 ,
213 1774 386 1828 Manutiu‘nis
406 1773 538 1844 exemplis
561 1779 648 1845 tnagis
672 1773 771 1844 placet.

286 1850 310 1914 4.
329 1854 374 1907 45.
400 1867 470 1920 pisae
488 1854 590 1899 ceteris
608 1850 740 1916 excellat]
774 1849 887 1921 Legitur
913 1852 942 1900 in
967 1847 1106 1902 nonnullis
1132 1847 1249 1920 vulgetis
1273 1864 1301 1901 et
1327 1853 1531 1921 manuscriptis,

212 1923 383 1982 excellebot5
415 1922 486 1975 unde
507 1924 679 1975 Camerarius
703 1940 798 1976 verum
828 1941 888 1976 esse
914 1938 1007 1994 putat,
1037 1925 1184 1975 excellent.
1226 1924 1275 1976 Sic
1295 1928 1324 1975 in
1347 1924 1472 1996 Epistola
1496 1924 1533 1975 ad

204 1996 320 2070 filium:
344 1998 438 2067 Quare
457 1995 544 2070 effice
566 2007 595 2049 et
619 1998 749 2065 elabora,
775 2006 807 2050 ut
828 1999 981 2053 eerettees:
1005 2015 1074 2069 qnae
1094 1997 1175 2051 verbo
1193 2013 1301 2052 exstant
1322 2000 1393 2072 apud
1414 2003 1531 2053 Priscia-

211 2090 278 2127 num
297 2074 358 2127 Lib.
378 2081 422 2129 10.
558 2115 560 2117 ·
582 2088 584 2093 ’
1186 2107 1191 2119 -

286 2151 310 2217 4.
325 2150 370 2208 44.
389 2149 534 2201 Iteradum
550 2142 646 2199 eudem
661 2154 719 2199 ista
735 2147 813 2217 milri]
836 2146 943 2202 *lisdem
961 2149 1049 2201 uerbis
1066 2153 1154 2201 utitur
1170 2152 1198 2200 in
1216 2151 1355 2220 principio
1371 2147 1464 2220 Epist.
1487 2152 1530 2205 ist.

209 2223 271 2279 Lib.
293 2227 337 2283 14,
364 2224 404 2275 ad
419 2227 486 2277 Ate.
531 2223 600 2277 Sunt
630 2239 720 2275 autern
742 2227 877 2296 expolita
899 2229 1002 2287 reteri,
1031 2229 1110 2276 ouius
1131 2241 1225 2277 versus
1245 2229 1276 2276 in
1294 2223 1408 2278 Lucullo
1428 2241 1528 2278 exstat:

210 2300 294 2368 Age,
320 2308 402 2365 asta,
428 2317 526 2362 marte,
553 2299 636 2350 israeli:
661 2299 801 2350 iteradum
821 2298 917 2349 eadem
935 2309 964 2351 et
981 2304 1040 2350 ista
1059 2298 1136 2351 ntilti.

286 2376 310 2441 §.
332 2377 379 2431 45.
404 2373 485 2426 ltomo
506 2382 608 2425 cautm
632 2391 772 2445 nunquam
794 2378 944 2445 terminat]
972 2376 1079 2429 Nonius
1099 2374 1181 2446 legit,
1209 2372 1291 2427 lscmo
1309 2382 1406 2439 catrts,
1434 2372 1530 2439 idest,

211 2446 297 2503 bomo
320 2465 348 2503 sa
371 2454 439 2502 iens.
816 2485 818 2487 -
1101 2450 1106 2485 i

288 2469 380 2578 lbtll.
401 2528 430 2575 in
444 2523 618 2588 torminibus,
636 2531 665 2575 et
680 2526 863 2592 stranguria]
883 2522 1038 2591 Termines,
1059 2528 1098 2576 ait
1112 2523 1228 2588 Nonius,
1247 2540 1336 2592 genus
1348 2523 1447 2590 morbi,
1465 2524 1532 2575 dicti

211 2599 286 2671 quod
302 2598 398 2650 dolore
420 2596 560 2669 torqueat.
598 2599 697 2655 Cicero
719 2616 783 2652 tero
802 2598 855 2669 Ep.
875 2599 920 2656 26.
939 2598 1000 2652 Lib.
1025 2605 1050 2656 7.
1077 2598 1118 2650 ad
1135 2599 1234 2651 Famil.
1255 2603 1294 2651 itu
1314 2600 1429 2652 scribit:
1457 2599 1530 2670 Epi-

211 2692 308 2727 curum
324 2682 400 2725 tuum
419 2676 509 2725 Stoici
527 2675 599 2725 male
619 2679 776 2746 accipiunt,
799 2680 865 2747 quiet
880 2672 959 2725 dicat
976 2670 1140 2748 δυςουρικὰ
1158 2672 1213 2730 καὶ
1231 2669 1423 2748 δυςεντερικὰ
1440 2682 1529 2744 ttat‘trl

210 2749 265 2800 sibi
283 2750 400 2803 molesta
419 2766 487 2801 esse.
526 2751 605 2803 Dicit
625 2750 680 2802 hcc
700 2748 773 2822 apud
794 2750 937 2802 Laditium
960 2753 989 2801 in
1007 2747 1138 2820 Epistola
1160 2748 1200 2800 ad
1215 2749 1391 2800 idomeneum
1411 2751 1454 2801 his
1475 2769 1532 2800 ter·

211 2826 271 2879 hia:
295 2824 503 2902 στραγγουρία
522 2824 567 2889 τίς
587 2843 619 2881 τε
641 2826 872 2902 παρηκολουθει
891 2819 946 2881 καὶ
967 2818 1158 2899 δυςεντερικὰ
1176 2821 1265 2895 πάθη
1285 2823 1456 2902 vnsppoie'p
1474 2821 1531 2880 obst

212 2898 417 2957 unoleinorru
435 2902 491 2956 τοῦ
512 2898 544 2956 ἐν
564 2896 684 2963 ἑαυτοὶς
702 2899 863 2976 μεγέθους.
882 2916 950 2970 quae
969 2900 1069 2952 Cicero
1087 2899 1147 2957 Lib.
1166 2904 1194 2953 2.
1213 2898 1246 2950 de
1264 2897 1353 2951 Finib.
1374 2905 1412 2951 ita
1434 2903 1529 2951 vertit:

170 2996 174 3005 ·
212 2974 301 3027 Tanti
321 2982 416 3026 autern
437 2974 527 3026 morbi
546 2973 669 3026 ederam
688 2980 798 3026 vesicae
817 2983 848 3026 et
868 2980 1022 3040 viscerum,
1044 2982 1076 3025 ut
1094 2973 1165 3026 niltil
1184 2973 1224 3024 ad
1237 2992 1334 3027 eorum
1351 2972 1530 3042 magnitudi-

211 3066 274 3103 nem
291 3055 382 3120 possit
400 3049 539 3102 accedere.
1085 3056 1087 3063 ’

287 3125 311 3191 4.
327 3128 374 3184 46.
400 3125 450 3176 sed
470 3134 536 3177 ratas
558 3132 590 3176 ut
610 3143 693 3195 quam
714 3128 837 3175 maxime
857 3126 926 3193 sig]
959 3132 1042 3191 utar,
1076 3139 1118 3179 est
1140 3140 1247 3196 quoquo
1270 3128 1300 3177 in
1323 3140 1462 3179 manuscr.
1484 3121 1532 3177 sed

213 3214 323 3263 tamen,
348 3209 430 3266 utor,
456 3200 553 3274 probo.

286 3275 310 3342 4.
329 3277 375 3341 47.
401 3295 469 3347 quae
484 3281 607 3328 connixa
618 3292 670 3346 per
685 3277 726 3344 se]
747 3279 873 3338 connisa,
895 3278 984 3344 inquit
999 3273 1161 3340 Manutius,
1181 3287 1240 3326 erat
1259 3276 1350 3346 aptius
1368 3274 1403 3327 ad
1419 3288 1530 3328 senten·

212 3354 296 3405 tiam.
321 3364 349 3402 et
371 3355 401 3403 in
422 3350 535 3404 qullo
556 3357 640 3405 etiarn
659 3348 744 3415 dixit,
768 3355 832 3402 nisa
852 3358 882 3400 et
896 3366 1054 3419 progressa
1072 3354 1157 3400 ratio.

287 3424 312 3491 4.
331 3426 377 3485 48.
399 3424 585 3497 pedetentim,
610 3431 716 3497 inquit,
742 3429 794 3495 ite]
828 3426 970 3480 Charisius
991 3423 1052 3478 Lib.
1075 3429 1102 3480 2.
1128 3419 1234 3496 profert
1258 3440 1292 3475 ex
1310 3422 1529 3479 Tusculanarum

210 3497 347 3564 seeundo,
367 3500 538 3571 pedetentim
558 3520 592 3553 ac
608 3502 706 3553 sedato
721 3507 795 3554 nisu.
832 3499 922 3553 Verba
938 3517 996 3553 etse
1014 3500 1127 3552 Pacuvii
1145 3503 1174 3551 in
1188 3499 1303 3568 Niptris
1320 3499 1419 3552 Cicero
1438 3515 1528 3573 operte

211 3572 343 3630 mrendtr.
381 3566 515 3630 Pacurlut
538 3581 568 3629 in
585 3578 701 3647 Niptris
722 3580 825 3629 citatur
845 3592 862 3627 a
879 3576 975 3640 Festo,
999 3578 1028 3627 in
1046 3572 1167 3639 vocibus,
1187 3573 1300 3638 Serttla,
1322 3589 1350 3627 et
1369 3575 1527 3629 Subscudes.

288 3650 373 3716 450.
392 3668 457 3701 nam
476 3656 645 3719 attrectata]
665 3659 839 3717 attrectatu,
861 3656 890 3702 iu
909 3649 1039 3703 omuibus
1055 3648 1256 3724 exemplaribus
1271 3648 1388 3723 legitur,
1408 3655 1527 3723 exceptis

211 3722 353 3781 nonnullis
373 3726 561 3794 Manutlanis,
582 3731 612 3779 in
633 3728 731 3798 quibus
751 3741 809 3792 est,
830 3734 952 3791 attactu.

288 3801 312 3867 4.
332 3803 380 3857 52.
405 3819 488 3871 qurum
504 3806 536 3853 in
553 3819 653 3854 manses
670 3802 771 3874 Cyprii
785 3803 993 3870 illicosreontis]
1020 3801 1053 3852 In
1072 3815 1212 3854 manuscr.
1230 3799 1348 3872 legitur,
1367 3818 1451 3871 praem
1469 3800 1530 3872 Cy-

209 3879 260 3950 pri
277 3878 308 3926 in
327 3893 426 3926 monus
442 3876 638 3929 Nicocreontis
655 3882 734 3946 regis
752 3877 906 3930 incidisset.
944 3877 1096 3947 Utrumque
1118 3875 1204 3929 bene:
1228 3891 1292 3928 nam
1313 3892 1341 3928 et
1364 3877 1530 3941 Nicocreon,

213 3953 262 4019 qssi
280 3966 294 4001 s
311 3948 461 4023 Plutarcho
481 3957 511 4006 in
531 3951 684 4006 Alexandro
701 3955 879 4027 Νικοκρέων
898 3950 915 4009 ὁ
934 3953 1121 4028 Σαλαμίνιος
1138 3954 1313 4015 nominatur,
1335 3949 1452 4022 Cyprius
1475 3969 1530 4016 res,

214 4042 264 4077 seu
280 4024 404 4101 litixpov
420 4025 570 4102 stipamur
585 4024 647 4091 fult,
666 4044 693 4081 et
711 4029 889 4081 Antxsrchus
906 4043 969 4099 post
987 4041 1105 4078 mortem
1117 4025 1275 4090 Alexandri,
1295 4029 1397 4079 inritus
1408 4026 1529 4099 Cyprum

213 4096 336 4162 delatus,
360 4115 374 4151 a
393 4102 577 4155 Nicocreonte
601 4106 814 4175 comprehensus
836 4100 906 4166 fuit,
932 4118 963 4157 ut
981 4101 1108 4153 Lairtius
1130 4100 1214 4153 Libro
1234 4118 1308 4153 nono
1329 4100 1436 4154 scribit.

289 4172 378 4227 lbid.
404 4195 487 4247 quam
502 4183 532 4228 in
545 4179 705 4251 voltsptate]
731 4196 813 4250 pesam
830 4177 928 4229 eadem
945 4182 976 4227 in
993 4177 1138 4245 volrtptate
1156 4182 1186 4229 in
1205 4176 1267 4229 alite
1287 4174 1365 4228 libris
1383 4180 1528 4229 inuenitur.

289 4251 313 4316 4.
333 4253 379 4305 il.
404 4260 449 4317 et,
478 4250 557 4327 (ssent
576 4259 649 4305 eninr
667 4253 801 4323 qrtaedarrt
823 4257 910 4302 animi
928 4251 1126 4303 similitudines
1144 4269 1205 4303 cum
1223 4249 1364 4326 corpore,)
1382 4261 1414 4303 ret
1433 4253 1528 4321 onera]

214 4324 276 4385 Hoc
296 4322 379 4377 modo
402 4328 469 4380 haec
491 4342 555 4382 tunt
580 4326 789 4399 distinguenda:
815 4344 900 4397 quum
919 4332 994 4379 cuim
1018 4326 1131 4379 alteram
1148 4325 1360 4379 similitudinem
1379 4342 1395 4377 a
1415 4343 1529 4399 corpore

215 4398 250 4452 ad
269 4403 394 4452 animum
412 4402 558 4456 transferre
578 4405 781 4477 ingrederetur,
805 4405 942 4455 rationem
965 4401 1121 4474 generalem
1142 4401 1176 4454 de
1193 4400 1422 4456 similitudinibus
1444 4404 1528 4455 animi

213 4493 275 4530 cum
300 4490 415 4547 corpore
438 4496 487 4549 per
505 4480 681 4552 parenthesin
701 4482 862 4550 interponit.
937 4530 940 4536 ,

289 4552 314 4617 4.
333 4555 386 4609 55.
404 4554 508 4605 eitstare
535 4571 569 4604 ne
596 4558 705 4606 mrstten'
733 4553 852 4623 paridem]
885 4552 920 4605 ln'
948 4552 1009 4607 ollis
1039 4550 1171 4606 omnibus
1200 4568 1242 4606 est
1269 4569 1372 4605 nomeu
1402 4552 1527 4603 ebriatus.

214 4624 372 4698 Lugubrem
398 4646 462 4681 uero
487 4628 665 4682 eiulatiouem
690 4629 836 4682 decemviri
868 4634 898 4680 in
919 4628 987 4680 ΧΠ.
1013 4628 1056 4680 ltia
1083 4627 1175 4683 verbis
1203 4643 1362 4682 vetuerunt:
1393 4627 1530 4679 Mulieres

212 4718 303 4769 genas
324 4720 357 4754 ne
381 4703 518 4766 radunto,
543 4722 611 4754 neve
630 4706 729 4756 lessnm
746 4704 862 4775 limeris
883 4720 953 4770 ergo
973 4702 1103 4762 habento,
1174 4746 1179 4751 .

286 4778 311 4843 4.
331 4780 375 4834 56.
401 4797 416 4829 e
440 4779 536 4849 quibus
559 4784 623 4830 eiici
643 4798 739 4832 votem
758 4789 786 4831 et
800 4774 892 4850 fundi
914 4776 1051 4846 videmus]
1078 4780 1112 4832 ln
1130 4777 1209 4830 libris
1232 4777 1348 4850 vulgatis
1369 4793 1426 4841 cst,
1449 4778 1527 4829 elici:

213 4880 263 4943 pso
280 4881 335 4940 quo
356 4863 507 4921 Lambrum
530 4882 562 4919 a
581 4861 687 4919 duobug
709 4875 845 4916 manuscr.
867 4858 930 4907 eiict‘
951 4858 1083 4927 reposuit.
1123 4856 1276 4925 Utrumque
1295 4854 1393 4906 Latine
1417 4852 1528 4919 elicitur,
