3384 5359
191 3473 251 3526 xu.
272 3472 338 3529 ann
358 3476 393 3529 n.
413 3476 479 3530 scu.
499 3482 526 3532 2.
547 3478 600 3533 w.
620 3476 666 3549 [].
704 3472 742 3550 (⁵)
762 3505 800 3520 -
818 3492 980 3528 censeamus
1002 3472 1101 3529 PBSE·
1139 3472 1178 3548 l)

128 324 134 329 ’
181 306 184 317 '
223 317 284 383 tto
377 326 382 338 “
455 311 874 420 ΧΤΙἸΒΟΙ]Ι..·ἱΝΑῙῖῐΠν1
894 314 1293 419 uiscerationem

219 460 362 546 quodid
383 461 574 529 etiamalins
596 466 723 531 habeat.
779 436 843 547 Qut
863 463 898 527 id
918 463 1114 546 approbari²
1135 462 1257 546 possit,
1291 460 1374 546 [ιε’]
1396 462 1558 549 negritu·

218 555 326 634 dinem,
348 557 510 641 suscipere
527 582 590 644 pro
612 560 825 644 experientia,
851 558 976 643 siquid
998 560 1116 621 habere
1138 555 1244 621 velis?
1267 578 1339 622 nam
1360 558 1464 623 solum
1488 559 1563 621 ba·

214 649 299 715 bere
328 650 434 727 velle,
467 673 589 718 summa
623 654 777 719 dementia
804 665 866 718 est.
921 656 981 718 57.
999 651 1243 715 Mediocritates
1256 646 1368 716 ‘ararem
1390 638 1565 718 malorum

113 831 119 845 ,
219 747 291 828 quis
312 744 443 823 laudare
459 736 551 812 'recte
574 749 701 831 possit?
724 750 795 833 quis
816 747 901 812 enim
924 742 1061 830 potest,
1083 746 1118 808 in
1140 766 1205 832 quo
1227 746 1328 810 libido
1350 746 1564 829 cupiditasve

219 838 280 916 sit,
304 857 368 902 non
396 839 583 917 libidinosus
605 845 656 907 et³
678 843 813 925 cupidus
835 842 930 925 esse?
966 840 998 905 in
1020 861 1086 926 quo
1108 841 1176 915 ira,
1211 861 1275 905 non
1297 840 1493 905 iracundus?
1517 841 1567 905 iu

220 953 286 1015 quio
309 954 430 1019 angor,
454 957 519 1000 non
534 937 671 1001 alixius?
692 938 804 1024 inquo
818 938 934 1013 timor,
958 958 1023 999 non
1038 934 1190 999 timidus?
1211 933 1415 999 libidinosum
1431 935 1554 1020 igitur,

222 1026 268 1107 [et
288 1027 437 1110 cupidum
446 1030 489 1110 Ἢ
512 1042 544 1094 et
564 1031 771 1111 iracundum,
808 1044 839 1096 et
861 1030 1008 1108 anxium,
1042 1041 1074 1093 et
1097 1029 1238 1092 timidum
1261 1030 1447 1093 censemus⁶
1478 1048 1563 1092 erse

218 1118 416 1202 eapientem?
449 1124 501 1189 Dc
526 1126 616 1190 erutas
645 1125 832 1190 excellentia
861 1126 958 1189 muulta
980 1125 1105 1209 quidem
1128 1122 1189 1187 dici
1211 1122 1356 1209 quamvis
1377 1124 1449 1186 fuse
1472 1124 1562 1186 late·

220 1235 282 1296 qne
302 1206 482 1298 possunt⁶3
504 1223 560 1284 aed
581 1220 767 1285 brevissime
788 1222 846 1284 illo
869 1223 984 1297 modo,
1008 1218 1194 1302 sapientiam
1214 1238 1284 1282 esse
1299 1237 1409 1280 rerum
1425 1215 1562 1280 divina·

218 1328 291 1371 rum
306 1322 339 1374 et
352 1312 557 1377 humanarum
572 1313 752 1391 scientiam,
776 1314 1078 1402 cognitionemque,
1102 1334 1184 1398 qnae
1200 1310 1353 1395 citiusque
1369 1311 1419 1375 rei
1434 1310 1559 1374 causa’

219 1401 273 1465 sit.
317 1404 459 1491 Exque
481 1407 632 1485 efficitur,
655 1419 692 1472 nt
714 1408 819 1473 diuina
841 1409 1001 1486 imitetur,
1022 1410 1159 1473 hnmano
1182 1405 1288 1473 omnia
1304 1405 1461 1471 inferiora
1482 1404 1559 1468 vir·

150 1522 163 1559 r
221 1506 288 1559 tute
311 1488 416 1563 ducat.
475 1502 514 1566 Iu
536 1503 638 1566 hanc⁸
660 1515 695 1566 tu
724 1502 845 1589 igitur,
884 1513 1043 1587 tamquam
1065 1502 1099 1566 in
1122 1523 1228 1578 mare,
1266 1503 1354 1585 quod
1376 1511 1424 1563 est
1447 1499 1559 1565 ventis

126 1676 130 1685 ,
220 1589 415 1672 subiectum,
452 1596 725 1678 perturbationem
748 1601 862 1661 cadere
884 1597 943 1661 tibi
965 1593 1074 1659 dixisti
1097 1592 1222 1659 videri?
1255 1594 1426 1680 quidest,
1464 1595 1560 1680 qttod

219 1695 338 1750 nutam
368 1690 558 1774 gravitatem
587 1691 861 1779 constantiamque
889 1688 1082 1774 perturbet?
1114 1711 1152 1753 an
1175 1688 1383 1770 improvisum
1407 1688 1553 1775 aliquid,

221 1782 298 1844 ant⁹
319 1785 545 1867 repentinum?
567 1786 643 1873 quid
664 1797 773 1869 potest
795 1785 939 1850 accidere
962 1785 1025 1848 tale
1047 1783 1093 1863 ei,
1118 1783 1170 1846 cui
1190 1783 1292 1858 nihil,
1320 1785 1409 1867 qnod
1429 1780 1557 1859 bomini

222 1875 352 1940 evenire
374 1878 494 1961 possit,
519 1881 608 1962 [non
622 1881 919 1964 praemeditatum
939 1877 1058 1960 sit¹⁰?]
1103 1880 1186 1941 Nam
1209 1878 1297 1963 quod
1319 1876 1431 1955 aiunt,
1457 1870 1557 1940 nimia

220 1970 361 2033 resecari
384 1982 556 2054 oportere,
579 1975 733 2039 nattnralia
756 1974 913 2060 relinqui:
938 1973 1015 2057 quid
1035 1975 1160 2037 tandem
1174 1983 1282 2055 potest
1301 1991 1371 2034 esse
1393 1972 1551 2047 naturale,

188 2132 197 2158 x
221 2067 310 2149 quod
331 2063 414 2129 idem
437 2067 564 2134 nimium
587 2090 655 2133 esse
676 2069 804 2152 possit?
826 2080 899 2133 sunt
920 2069 1003 2132 enim
1026 2066 1129 2133 omnia
1145 2067 1205 2130 ista
1220 2088 1261 2130 ex
1276 2067 1460 2131 errorum¹¹
1476 2075 1552 2129 orta

221 2159 402 2225 radicibus:
438 2184 521 2247 quiae
542 2140 708 2228 evellenda
731 2173 764 2227 et
785 2164 980 2228 extrahenda
1002 2162 1148 2247 penitus,
1186 2182 1250 2226 non
1272 2158 1551 2237 circumcidenda,

222 2272 281 2317 nec
302 2260 491 2339 amputanda
514 2269 600 2322 sunt.

307 2350 460 2414 XXVII.
485 2352 538 2416 58.
563 2353 626 2416 Sed
648 2350 797 2436 quoniam
820 2351 988 2436 aunspicor,
1011 2361 1045 2414 te
1059 2370 1124 2415 non
1145 2360 1209 2413 tam
1226 2352 1264 2413 de
1279 2347 1433 2433 sapiente,
1457 2368 1553 2432 qnam

223 2444 261 2512 de
282 2453 314 2505 tc
336 2443 407 2526 ipso
430 2466 604 2531 quaerere:
631 2445 730 2527 (illum
751 2446 833 2510 enirn
850 2459 941 2529 putas
957 2444 1043 2509 omni
1057 2444 1300 2527 perturbatione
1316 2463 1385 2506 esse
1400 2442 1550 2517 liberum,

222 2547 255 2600 te
279 2536 396 2619 νίκης)
418 2536 598 2615 videamus,
622 2550 737 2623 quanta
758 2537 838 2616 sint,
863 2559 945 2623 quae
971 2560 989 2604 a
1010 2535 1253 2621 philosophia¹³
1274 2536 1414 2601 remedia
1433 2537 1553 2601 morbis

223 2629 400 2695 animorum
431 2632 652 2697 adhibeantur.
711 2632 772 2696 Est
800 2632 882 2697 enim
912 2634 1066 2718 quaedam
1089 2630 1242 2696 medicina
1264 2643 1371 2695 certe:
1406 2641 1554 2695 nectam

223 2723 284 2788 tuit
311 2724 473 2789 bominum
507 2725 619 2811 generi
648 2725 772 2790 infensa
796 2739 893 2812 atque
914 2725 1041 2789 inimica
1063 2736 1196 2800 natrna,
1231 2737 1267 2788 ut
1289 2726 1482 2808 corporibus
1504 2734 1554 2787 tot

222 2837 277 2881 rcs
298 2819 474 2899 salutares,
505 2821 614 2885 animis
637 2821 752 2884 nullam
774 2820 951 2896 invenerit;
982 2820 1021 2882 dc
1043 2819 1158 2903 quibus
1180 2820 1244 2881 hoc
1265 2817 1359 2882 ctiam
1387 2829 1436 2881 est
1457 2816 1553 2880 meri·

178 2958 188 2965 .
224 2913 291 2975 ῑει14
313 2913 445 2990 melium,
470 2916 560 2999 qnod
582 2936 757 2998 corporum
780 2916 959 2979 adiumenta
981 2913 1169 2977 adhibentur
1190 2912 1407 2990 extrinsecus,
1433 2911 1554 2975 ammo-

223 3026 294 3070 rum
328 3007 412 3071 salns
446 3007 567 3073 inclusa
600 3010 631 3073 in
664 3009 748 3072 his¹⁵
784 3008 862 3092 ipsis
902 3020 962 3072 est.
1021 3009 1085 3072 Sed
1116 3024 1182 3093 qno
1218 3007 1321 3070 maior
1357 3017 1405 3070 est
1440 3004 1471 3069 in
1508 3004 1554 3069 eis

224 3102 420 3184 praestantia
442 3114 474 3166 et
495 3103 654 3183 divinior,
686 3125 726 3168 eo
750 3105 873 3169 maiore
893 3103 1070 3188 indigent¹⁶
1103 3101 1277 3187 diligentia.
1327 3101 1442 3186 ltaque
1472 3101 1566 3219 benc.

300 3249 337 3317 (¹)
358 3266 422 3302 cum
443 3247 514 3306 edd.
533 3250 598 3323 aliq.
617 3252 653 3304 D.
672 3258 700 3307 l.
719 3250 772 3309 W.
793 3256 820 3305 2.
839 3278 878 3292 -
896 3255 957 3319 quis
984 3248 1016 3299 id
1037 3246 1190 3320 approbari
1209 3247 1241 3299 R.
1262 3247 1294 3304 P.
1312 3274 1351 3288 ·-
1369 3250 1430 3317 quis
1447 3243 1479 3295 nd
1497 3263 1554 3315 aps

220 3321 344 3394 probare
364 3322 433 3379 Cdd.
460 3325 525 3397 aliq.
547 3324 750 3397 nssEcvML.
770 3324 839 3379 Lall.
879 3322 917 3400 (2)
943 3328 1028 3375 -te
1048 3340 1130 3376 nemo
1151 3320 1234 3374 habet
1253 3336 1362 3395 praeter
1381 3324 1433 3375 Da.
1455 3326 1550 3374 tacite.

224 3397 292 3452 nen.
303 3406 340 3461 ,1.
359 3400 412 3460 W.
433 3405 492 3472 (qul
513 3399 572 3475 [])
591 3406 618 3456 2.
665 3399 703 3478 (³)
722 3428 760 3445 .-
778 3408 829 3452 arat
848 3398 881 3464 de
901 3398 993 3454 Bentl.
1014 3396 1043 3454 G.
1062 3399 1098 3454 D.
1136 3394 1175 3513 (²2
1193 3395 1553 3533 ζοοὸαὲιεὶιξιφίὲἰὸωνε.

224 3556 261 3605 2.
272 3578 309 3595 -·
324 3555 439 3621 possint
457 3549 527 3618 edd.
546 3551 644 3625 pleriq.
665 3551 896 3608 assecthD.
917 3559 942 3609 1.
981 3548 1019 3624 (⁷)
1039 3553 1086 3604 Sic
1099 3550 1177 3605 SEV.
1197 3546 1287 3602 Gebh.
1309 3510 1391 3619 quq:
1410 3566 1449 3601 =
1468 3506 1555 3599 caus}

225 3627 627 3771 retransite.
638 3625 747 3757 tlt
763 3623 1075 3758 ast
1091 3625 1181 3758 leb
1195 3622 1555 3751 praessa-..r

224 3774 276 3851 (¹⁰)
297 3794 361 3832 cum
380 3778 432 3835 W.
456 3739 569 3830 rotenis
589 3712 645 3833 boc
664 3741 886 3852 supplemeritum
906 3740 1044 3848 ldarglnl's
1063 3739 1147 3831 bern:
1166 3737 1217 3830 nd.
1237 3718 1401 3828 versasse.
1422 3772 1475 3826 SE.
1488 3771 1554 3824 Scb.

225 3859 253 3907 2.
274 3851 328 3907 Sed
348 3854 400 3912 W.
422 3869 496 3907 recte
516 3853 563 3929 [].
584 3853 666 3908 Aliud
687 3853 759 3907 haud
779 3853 901 3908 detectus
922 3852 1035 3926 praebet
1055 3849 1122 3909 cad.
1143 3852 1259 3922 Regius,
1280 3848 1368 3905 012:
1388 3864 1426 3902 so
1439 3852 1553 3923 ppsstt,

227 3945 330 3981 novum
349 3934 396 3982 sit.
418 3930 514 3983 Minus
533 3928 605 3982 bene
624 3930 690 3985 ML.
712 3928 796 3989 Lala:
816 3959 855 3973 ·-
873 3934 917 3981 cna·
935 3928 1009 3981 aelel
1024 3926 1143 3978 subitum
1162 3934 1221 3989 est,
1242 3924 1316 3997 prend
1332 3923 1403 3978 hom.
1423 3944 1467 3976 ev.
1483 3939 1555 3994 poe·

139 4044 143 4047 -
227 4007 287 4059 siti
306 4006 392 4058 Nam.
413 4004 490 4068 cdd,
511 4010 598 4059 etiam
615 4008 649 4064 Il.
669 4005 714 4058 b.:
734 4034 771 4049 ·-
791 4006 848 4057 tale
869 4013 897 4056 et
915 4002 955 4077 (ei
967 4000 1149 4058 emendarunt
1169 4006 1226 4055 iam
1241 4001 1319 4067 ML.)
1332 4005 1377 4052 caat·
1388 3999 1469 4065 nihil,
1483 3996 1557 4069 quod

225 4076 256 4133 Ιι.
274 4098 297 4131 e.
313 4079 426 4152 possit?
444 4081 522 4133 Nam
542 4086 637 4153 sicque
656 4076 828 4138 PABSECV.
849 4080 940 4136 Gebh.
962 4090 988 4137 1.
1009 4077 1059 4132 cfr.
1079 4078 1189 4151 Wopk.
1209 4096 1236 4151 p.
1255 4080 1302 4134 97.
1322 4075 1379 4130 ant
1400 4075 1481 4127 aliter
1495 4090 1556 4126 ten-

228 4170 320 4209 tarunt
340 4154 415 4230 (ulde
435 4156 469 4211 D.
490 4156 580 4210 Boub.
602 4156 681 4224 Sch.)
702 4175 725 4210 v.
746 4171 772 4210 c.
791 4156 901 4210 BentL:
923 4183 958 4200 ι-
977 4173 1016 4206 an
1035 4157 1219 4225 improvisum
1238 4160 1290 4203 ant
1302 4157 1477 4223 repentinum
1489 4146 1555 4220 quid

224 4239 320 4303 potest
338 4230 464 4284 accedere
483 4236 525 4296 ci,
545 4237 591 4284 cuti
608 4231 681 4284 nibil
697 4231 770 4296 tale,
790 4232 866 4302 quod
882 4231 910 4285 ln.
923 4249 947 4283 c.
964 4231 1076 4302 possit?
1094 4229 1181 4282 Nam.
1202 4230 1315 4299 Recepit
1335 4228 1385 4280 Da.
1405 4255 1443 4270 ···
1462 4223 1553 4299 quiin

227 4305 312 4372 cad,
333 4324 364 4360 nt
383 4305 453 4381 citt)
474 4315 569 4379 potest
594 4307 858 4372 accidentalem,
885 4312 930 4358 crat·
948 4306 1034 4373 nihil,
1053 4310 1110 4357 aba
1128 4315 1201 4375 paron
1213 4303 1333 4370 Ιιοηιίιιί,
1354 4308 1468 4355 muira
1482 4318 1554 4372 pos-

227 4383 291 4433 sit?
310 4382 387 4434 Nam
407 4382 535 4437 Goercnn
555 4382 589 4434 de
608 4385 687 4437 blan.
709 4399 735 4454 p.
755 4386 820 4442 5¹⁴7.
840 4380 890 4437 cfr.
910 4381 976 4436 ibid.
996 4398 1023 4455 p.
1045 4385 1109 4439 495.
1148 4379 1202 4433 Sed
1221 4379 1289 4451 quid
1306 4379 1364 4431 talc
1382 4383 1486 4431 mutari
1507 4395 1554 4429 ne·

228 4461 299 4529 quit.
324 4457 380 4529 (¹¹)
397 4485 436 4501 -—
454 4463 512 4509 ista
530 4477 586 4510 non
605 4476 643 4510 cn·
655 4457 833 4510 naturalibus
844 4463 957 4522 causis,
977 4456 1029 4509 scd
1043 4476 1080 4509 ex
1093 4473 1150 4509 err.
1164 4455 1236 4515 031.
1248 4453 1325 4509 Leid.
1339 4452 1389 4508 Ed.
1400 4470 1453 4509 vet.
1463 4453 1552 4523 Boqb.

230 4532 282 4587 SE.
321 4534 429 4609 (12)ss
448 4551 473 4587 u.
494 4542 521 4585 te
540 4538 586 4585 vis
605 4538 665 4588 elne
685 4548 766 4587 cansa
787 4550 914 4609 suspecta
935 4536 966 4587 L
989 4535 1155 4604 Augustino.
1194 4529 1246 4606 (¹³)
1263 4560 1303 4574 -
1320 4538 1427 4601 qrmnta
1446 4538 1554 4601 atquae
1582 4548 1586 4561 ·

230 4627 249 4660 a
271 4606 320 4680 pls.
351 4611 402 4662 Da.
428 4605 458 4664 Ε.
477 4638 517 4653 -
534 4627 603 4682 qcaac
619 4609 796 4683 philosophia
816 4612 849 4666 lt.
869 4614 923 4665 Pa.
944 4633 986 4651 -u
1001 4627 1070 4679 qtaae
1085 4606 1279 4679 philosophica
1298 4604 1366 4661 C2d.
1388 4605 1465 4657 beid.
1486 4607 1553 4656 mira

251 4684 311 4737 rob.
332 4682 420 4739 Boub.
458 4683 511 4760 (Ἀ)
529 4712 567 4728 -
585 4684 619 4739 dc
637 4705 663 4759 p.
683 4694 728 4737 cst
745 4689 832 4738 etiam
850 4703 918 4738 mer.
932 4683 1080 4739 Pensm.
1098 4712 1138 4726 -·
1156 4682 1190 4733 de
1208 4700 1235 4754 q.
1254 4690 1299 4734 ast
1315 4680 1366 4732 hoc
1384 4686 1471 4732 ctiam
1489 4678 1552 4732 Mb.

230 4703 270 4813 {It
289 4777 356 4827 noa,
376 4756 407 4811 V.
430 4759 522 4819 Gesbh.
540 4762 621 4835 Seqq.
672 4759 729 4890 (Ἴ
742 4765 835 4815 co'b's
854 4763 906 4819 W.
927 4760 1010 4813 solos.
1062 4756 1114 4832 (¹⁶)
1131 4786 1170 4800 -
1187 4757 1299 4826 tangat
1317 4757 1349 4812 tt.
1375 4771 1441 4809 cnm
1461 4754 1552 4807 multis

229 4832 313 4965 eddo
326 4831 378 4968 Eg.
394 4850 452 4965 ὗες.
469 4822 560 4891 boun.
580 4842 641 4910 (qul
659 4855 709 4913 pro

232 4916 292 4969 San
316 4948 325 4965 ·
367 4950 374 4966 .
421 4951 429 4966 .
552 4968 555 4975 ,

731 4842 782 4904 at.)
802 4839 832 4892 P.
851 4840 939 4892 utne:
959 4866 995 4879 -
1010 4842 1057 4886 ast
1075 4839 1178 4886 mnata
1193 4842 1303 4913 preest.
1323 4863 1343 4876 -
1356 4864 1373 4876 -
1391 4829 1503 4902 indiget
1521 4828 1553 4883 dt
