3384 5359
80 250 87 268 ·
155 200 228 287 iso
421 218 810 287 auscucnuauou
831 218 1227 289 orsrnrnrrouuu

156 363 283 428 venusti
313 361 422 437 ocuti,
459 362 554 426 color
585 363 719 439 suavis,
756 372 789 428 et
819 384 880 440 ea,
923 384 1005 453 qnae
1040 363 1200 445 Euryclea
1209 367 1225 405 ¹⁴
1258 363 1371 435 laudnt
1398 363 1504 434 Ulixi

106 540 111 553 Β
156 461 257 543 pedes
280 459 435 534 abluens,
839 492 845 501 ·

326 570 499 636 Lennudo
520 570 716 647 orationis,
735 572 918 638 mollitudo
939 563 1125 657 corporisa'
1235 604 1239 613 ·

157 705 195 748 ea
217 684 243 748 si
266 686 352 747 bona
375 684 552 759 diceinns²‚
576 681 653 768 quid
675 682 736 747 erit
758 686 787 747 in
810 668 998 768 philosophi
1020 685 1201 776 gregium,
1225 707 1318 765 quam
1340 683 1372 748 in
1394 685 1486 771 vulgi

48 830 53 837 .
119 814 129 865 q
159 779 573 863 opinioneastultorumqne
598 781 712 855 turba,
738 782 825 864 quod
849 780 973 843 dicatur
1000 793 1052 842 ant
1068 780 1219 865 gravius,
1244 791 1297 842 aut
1312 781 1488 865 grandius?
1587 770 1596 787 ⁸

158 876 212 937 ll.
236 874 283 936 At
305 872 406 934 eoim³
429 874 535 935 cadem
560 870 661 935 Stoici
678 873 872 957 praecipuo
892 875 944 937 vel
962 875 1137 958 producta
1157 872 1283 949 dicunt,
1308 896 1389 958 quae
1404 877 1492 939 bona'

156 967 221 1031 isti.
246 1004 288 1041 ε-
309 966 429 1031 Dicunt
455 965 501 1028 itti
523 965 671 1051 quidem:
697 969 754 1030 sed
776 968 825 1031 his
847 968 942 1032 vitam
965 970 1091 1033 beatam
1114 966 1271 1049 compleri
1293 981 1431 1051 negant:
1453 971 1488 1034 hi

157 1062 284 1125 aurem‘·
306 1060 373 1123 sine
396 1059 433 1123 iis
451 1081 520 1124 esse
536 1060 653 1123 nnllam
668 1072 804 1144 putant;
829 1075 903 1138 aut,
928 1063 954 1125 si
978 1063 1019 1125 sit
1034 1065 1146 1137 beata,
1172 1062 1384 1125 beatissimam
1400 1076 1487 1128 certe

156 1169 287 1241 negant.
346 1156 417 1220 Nos
441 1167 543 1217 autem
567 1154 714 1219 volumus
736 1154 974 1220 beatissbnam:
1012 1158 1107 1240 idque
1129 1157 1222 1219 nobis
1245 1156 1408 1219 Socratica
1432 1156 1487 1220 illa
1565 1168 1571 1173 ’

157 1249 364 1315 conclusione
394 1250 615 1313 confirmatur.
675 1250 728 1313 Sic
751 1252 832 1314 enirn
855 1251 1005 1334 princeps
1027 1249 1079 1313 ille
1101 1249 1327 1335 philosophiae
1351 1250 1487 1313 dissere·

155 1347 232 1409 bat:
267 1344 368 1428 qualis
391 1344 542 1428 cuiusque
566 1342 660 1407 animi
683 1345 815 1407 affectus
839 1356 943 1421 esset,
968 1345 1061 1407 talem
1085 1365 1154 1407 esse
1175 1343 1352 1406 hominem:
1384 1345 1486 1426 qualis

158 1452 259 1503 antem
283 1439 352 1521 ipse
380 1438 500 1501 h0m0⁵
524 1450 626 1513 esset,
662 1418 754 1501 talem
783 1436 852 1501 eius
880 1460 949 1501 esse
984 1430 1180 1502 orationem:
1215 1437 1354 1501 orationi
1383 1450 1486 1501 autem

157 1533 244 1597 facta
266 1532 409 1610 similist,
432 1533 525 1596 laetis
549 1531 658 1596 vitam.
704 1534 850 1597 Allectus
874 1546 977 1596 niuem
1000 1533 1092 1596 animi
1114 1533 1144 1595 in
1168 1534 1256 1596 bono
1279 1531 1352 1595 viro
1378 1533 1491 1601 laudet-1
1512 1520 1527 1549 ‘

156 1625 249 1701 bilis;
287 1639 317 1688 et
347 1628 411 1690 vita
444 1627 544 1712 igitur
566 1627 730 1690 laudabilis
754 1628 831 1691 boni
856 1626 937 1690 viri:
970 1629 1022 1691 etl
1044 1631 1176 1692 honesta
1198 1649 1298 1712 ergo,
1339 1627 1488 1710 qnoniam
1562 1660 1583 1687 κ

155 1720 333 1787 laudabilis.
383 1723 437 1784 Ex
460 1720 592 1804 quibus,
628 1722 787 1784 bonorum
809 1724 934 1784 beatam
960 1722 1055 1785 vitam
1078 1742 1168 1797 esse,
1205 1721 1421 1788 concluditur.
1446 1759 1487 1777 ⁹-

158 1816 212 1880 48.
246 1814 394 1892 Etenim,
426 1836 488 1898 pro
519 1817 650 1878 deorum
675 1827 776 1900 atquc
806 1817 970 1879 bominum
996 1818 1108 1880 iidem!
1145 1837 1298 1899 parumne
1322 1819 1487 1900 cognitum

158 1912 225 1972 est³
248 1909 468 1992 superioribus
491 1908 609 1973 nostris
633 1909 917 1993 disputationibus,
952 1935 991 1974 an
1014 1912 1252 1989 delectationis,
1276 1921 1308 1973 et
1330 1913 1387 1976 otii
1409 1923 1487 1975 cou-

158 2005 300 2068 sumendi
333 2026 426 2067 carisa
455 2004 555 2067 locuti
582 2027 708 2075 snmus,
745 2005 918 2087 sapientem
951 2008 989 2069 ab
1021 2007 1104 2070 omni
1136 2005 1349 2097 concitatione
1374 2005 1485 2081 animi,

116 2151 123 2158 .
158 2121 252 2183 quam
274 2097 547 2180 perturbationem
570 2120 673 2174 voco,
698 2120 822 2182 semper
844 2099 986 2162 vacare?
1009 2121 1132 2182 semper
1154 2101 1186 2162 in
1208 2098 1313 2164 animo
1329 2099 1395 2163 eins
1417 2121 1487 2163 esse

156 2192 396 2278 placidissimam
419 2190 554 2274 pacem?
575 2192 639 2256 Vir
661 2192 759 2276 igitur
779 2204 989 2275 temperatus,
1015 2198 1181 2273 constans,
1207 2193 1274 2256 sine
1297 2205 1393 2270 metu,
1419 2195 1487 2257 sine
1537 2238 1545 2243 -

156 2286 373 2370 aegritudine,
399 2285 467 2349 sine
490 2285 652 2349 alacritate
674 2286 775 2363 ulla⁹‚
800 2286 867 2350 sine
890 2287 1037 2364 libidine,
1063 2309 1167 2352 nonne
1186 2285 1322 2351 beatus?
1343 2288 1389 2351 At
1404 2310 1487 2350 sern-

156 2403 217 2465 per
237 2380 362 2463 sapiens
379 2380 463 2445 talis.
502 2384 636 2462 Semper
651 2381 749 2466 igitur
764 2384 889 2444 beatus.
930 2382 997 2444 Iam
1014 2404 1094 2444 vero
1118 2384 1297 2467 ‘quipotest
1317 2379 1486 2443 virbonus

156 2497 221 2538 non
237 2479 277 2536 ml
291 2475 341 2550 id,
365 2477 452 2560 quod
471 2475 627 2539 laudabile
642 2475 699 2552 sit,
726 2475 831 2538 omnia
850 2475 991 2551 referre,
1011 2497 1091 2558 quae
1115 2476 1191 2560 agit,
1207 2474 1486 2560 quaeque'seutit‘?

77 2561 81 2571 ’
155 2567 272 2632 Refert
288 2580 389 2630 antem
404 2567 509 2631 omnia
522 2570 560 2629 acl
574 2571 664 2632 beate
681 2570 872 2663 vivendum:
895 2571 987 2632 beata
1002 2570 1100 2653 igitur
1110 2571 1137 2608 ¹⁰
1151 2569 1216 2631 vita
1227 2569 1411 2632 laudabilis:
1428 2591 1486 2631 nce

156 2663 325 2746 quidquam
342 2659 408 2723 sine
425 2663 543 2723 virtute
559 2662 732 2726 laudabile:
757 2665 847 2726 beata
864 2663 964 2750 igitur
978 2660 1044 2726 vita
1060 2663 1177 2726 virtute
1194 2662 1380 2729 conficitur.
1514 2742 1518 2747 Ι

241 2756 362 2819 XVII.
388 2756 441 2818 49.
465 2756 573 2839 Atque
595 2757 659 2819 hoc
681 2756 727 2818 sie
749 2758 842 2820 etiam
866 2759 1079 2823 concluditur.
1137 2761 1208 2821 Nec
1228 2758 1259 2820 in
1284 2759 1397 2821 misera
1419 2756 1486 2819 vita

157 2851 327 2935 quidquam
350 2860 398 2911 est
419 2849 634 2932 praedicabile
656 2861 710 2913 aut
730 2850 955 2932 gloriandum:
980 2874 1038 2914 nee
1053 2852 1084 2913 in
1108 2874 1163 2927 ea,
1188 2872 1268 2935 quae
1291 2874 1350 2914 nec
1369 2851 1487 2913 misera

156 2943 215 3020 sit,
239 2948 299 3006 nee
321 2944 424 3006 beata.
469 2944 515 3006 Et
537 2947 618 3008 est'¹¹
640 2945 672 3007 in
706 2946 808 3030 aliqua
840 2946 905 3009 vita
934 2946 1146 3028 praedicabile
1169 2945 1382 3032 aliquitet¹2
1413 2944 1485 3041 gip·

155 3036 299 3100 riandum
322 3059 359 3101 ac
377 3036 456 3119 ¹prae
479 3059 511 3099 se
534 3037 718 3101 serendum:
741 3051 776 3102 ut
798 3040 1060 3122 Epaminondas,
1470 3046 1482 3059 ⁴

325 3142 488 3209 Consiliis
510 3144 641 3208 nostris
663 3147 741 3208 laras
762 3155 814 3208 est
835 3155 978 3208 attonsa
998 3147 1193 3210 Laeonum:

154 3246 190 3299 ut
211 3234 404 3314 Africanus,
1113 3318 1119 3327 ,

276 3345 278 3349 ’
326 3334 359 3396 Α
381 3334 453 3395 soie
475 3333 675 3408 exoriente,
698 3352 807 3415 supro
828 3333 1011 3398 Maeoti'¹³
1028 3333 1195 3416 paludes,

364 3424 478 3491 Nemo
499 3438 551 3490 est
572 3427 631 3511 qui
644 3424 765 3517 factis
787 3428 877 3491 mell
898 3427 1124 3513 aequiperare
1145 3439 1259 3512 queat.

230 3669 267 3746 (¹)
296 3671 344 3724 Sic
369 3671 497 3727 videntur
516 3672 619 3726 babere
639 3673 750 3727 Oxenn.
778 3674 843 3745 aliq.
866 3675 974 3729 Habent
993 3673 1177 3765 Bsttcvttq.
1198 3673 1258 3749 (hm
1275 3697 1313 3732 =
1331 3646 1482 3748 Euryclia)
1584 3676 1593 3685 “

155 3746 246 3802 Geth.
277 3747 348 3803 Lall.
382 3759 407 3806 1.
433 3749 486 3806 W.
513 3754 540 3804 2.
568 3765 607 3803 ω
637 3752 769 3802 Anticlea
795 3752 827 3804 R.
854 3768 918 3804 eum
945 3751 1016 3805 cdd.
1042 3751 1154 3824 pleritq.
1181 3752 1262 3805 Pan.
1291 3748 1375 3820 Quod
1398 3756 1421 3803 sl
1442 3755 1482 3804 ita

156 3828 269 3894 scripsit
288 3824 402 3889 Cicero,
423 3826 471 3878 htc
490 3842 597 3897 quoqne
618 3830 762 3880 commisit
780 3826 977 3905 μνημονικὸν
998 3828 1183 3904 opacantia.
1204 3824 1300 3898 (Mon
1326 3855 1365 3868 -
1386 3826 1483 3899 Ulysst
1506 3868 1518 3887 ,
1540 3892 1542 3896 Ι

153 3895 274 3973 nevi.)
312 3896 350 3974 (ν)
370 3905 417 3956 sa
436 3900 508 3961 05¹.
528 3900 711 3957 aacvuw.
733 3909 759 3954 e.
779 3898 843 3976 (en.
863 3904 887 3971 s.
908 3904 967 3966 aa.)
987 3919 1025 3956 aa
1043 3886 1172 3954 atam...
1191 3903 1222 3955 n.
1243 3901 1291 3956 or.
1312 3901 1341 3954 s.
1356 3894 1481 3959 asaro.

156 3973 225 4026 batt.
247 3982 273 4030 1.
301 3975 339 4048 (³)
358 4003 397 4020 -
415 3976 458 4027 Ac
476 3982 549 4028 enim
567 3962 589 4019 Σ·
607 4008 626 4020 -
645 3980 696 4029 isti
709 3975 1019 4045 sustenementum
1038 3994 1091 4032 eet.
1113 3979 1212 4031 Marce
1232 3977 1331 4032 tributi
1342 3980 1374 4030 V.
1396 3976 1434 4047 (t)
1447 4002 1483 4018 -·

154 4055 211 4102 tati.
237 4050 285 4101 Ittt
309 4050 417 4122 quidem
436 4057 495 4104 sins
514 4058 551 4105 tia
568 4071 597 4104 v.
616 4052 643 4105 h.
663 4053 810 4123 compleri,
830 4052 861 4103 1ιί
879 4061 973 4105 atatem
992 4052 1041 4106 Cd.
1062 4054 1173 4115 Ursinl;
1194 4068 1324 4125 quaeest
1344 4056 1482 4107 eorrectio

153 4124 239 4180 falsae
264 4125 331 4179 leci.
365 4128 507 4183 ABSEC.:
526 4156 564 4171 -
582 4122 631 4180 r'sta‘
656 4127 761 4183 dieunt.
810 4128 858 4181 1111
882 4129 991 4200 quidem
1016 4134 1076 4180 stne
1093 4126 1137 4180 lri's
1155 4134 1247 4181 uttam
1267 4145 1338 4194 cet.,
1369 4143 1400 4181 ut
1420 4128 1501 4181 nes.'

155 4206 230 4270 (siue
248 4198 292 4252 liis
310 4206 398 4255 etiam
419 4207 453 4257 D.
473 4204 544 4258 Tum
562 4200 630 4259 Dm:
650 4232 689 4246 —
706 4201 736 4254 tt
754 4212 806 4255 atu
823 4209 884 4256 stne
902 4203 969 4279 lats.)
1021 4206 1059 4272 (⁵)
1078 4220 1117 4258 ω
1134 4203 1216 4257 homo
1236 4210 1294 4276 ipse
1315 4204 1349 4257 R.
1388 4200 1426 4278 (ὅ)
1446 4230 1482 4246 ··

153 4278 298 4329 simillima
317 4277 465 4332 Ptsssssc.
503 4276 541 4352 (⁷)
559 4310 599 4322 -
616 4296 673 4334 om.
692 4286 721 4331 et
739 4274 806 4333 Mt..
831 4279 870 4355 (Β)
889 4309 926 4323 -
945 4279 1058 4332 esthon
1079 4280 1155 4334 Letd.
1177 4280 1256 4353 proh.
1276 4282 1366 4334 Boub.
1387 4280 1425 4347 (⁹)
1444 4307 1483 4320 -

151 4358 214 4409 ,stne
241 4354 411 4419 alacritate,
444 4353 503 4406 ulla
526 4359 587 4406 sine
612 4353 660 4409 lib.
681 4356 723 4407 lu.
743 4354 876 4428 Aliaeque
896 4353 966 4409 Edd.
987 4373 1054 4413 vett.
1072 4378 1111 4414 =
1128 4362 1189 4408 sine
1208 4358 1267 4408 ulla
1286 4357 1325 4409 al.
1345 4355 1377 4408 V.
1398 4354 1482 4409 solut.

152 4457 192 4473 -
209 4434 269 4480 sine
288 4431 326 4480 al.
347 4429 398 4480 ttta
417 4432 458 4497 1.,
478 4437 520 4483 uti
539 4430 648 4484 volebat
667 4431 777 4483 NIssen.
790 4438 902 4483 -stne
921 4432 959 4487 tt.
971 4430 1060 4503 siniti
1078 4432 1111 4485 de
1130 4433 1223 4486 Bentl.
1244 4431 1274 4489 Ε.
1293 4435 1345 4487 Da.
1365 4461 1405 4473 -
1421 4436 1483 4481 stne
1568 4472 1577 4489 ,

153 4506 192 4557 al.
212 4523 290 4556 vana
308 4504 344 4559 D.
364 4521 438 4578 susp.
458 4536 496 4548 -
514 4512 574 4558 stne
593 4509 632 4559 al.
651 4506 741 4557 stulta
760 4507 850 4561 Boub.
871 4524 945 4580 susp.
973 4507 1023 4582 (¹⁰)
1042 4538 1082 4551 -
1100 4526 1171 4577 ergo
1190 4509 1221 4562 P.
1261 4508 1310 4582 (¹¹)
1329 4537 1369 4549 -
1386 4514 1419 4557 at
1441 4513 1484 4558 est

61 4586 62 4591 ’
152 4581 242 4635 Boub.
263 4598 337 4652 susp.
377 4577 483 4656 (12)-
502 4590 553 4635 ant
572 4582 663 4637 Geth.
684 4583 751 4635 Ern.
774 4595 798 4639 1.
818 4600 873 4638 err.
894 4599 1000 4655 typogr,
1046 4583 1096 4650 (¹³)
1117 4615 1151 4626 -
1171 4584 1333 4637 Mareotides
1352 4581 1424 4642 031.
1444 4609 1483 4623 ·-

153 4654 321 4708 Maeotidas
340 4657 465 4710 Panse.
485 4655 536 4731 (—
555 4660 583 4708 A
609 4676 633 4710 s.
651 4679 675 4711 e.
696 4657 817 4728 adusque
837 4659 964 4712 Maeotis
980 4678 1010 4732 p.
1029 4660 1217 4714 Mamertinus
1238 4661 1345 4726 Peueg.
1365 4662 1401 4727 2,
1424 4652 1482 4729 16.)

151 4731 259 4803 (11)-
278 4748 334 4785 om.
353 4749 396 4782 me
416 4733 489 4791 061.
509 4732 574 4787 Alit.
593 4732 646 4794 cd,
663 4735 790 4796 Sebetti,
812 4740 874 4806 ipso
895 4734 973 4807 prob.
994 4734 1085 4791 Gebb.
1110 4738 1191 4789 Mox:
1220 4760 1258 4793 =
1276 4739 1483 4804 aequiparare»
1519 4756 1525 4763 “

155 4808 188 4867 il.
209 4806 318 4861 stMt.
339 4806 408 4864 Latt.
427 4807 450 4861 E
470 4809 521 4863 Gr.
541 4810 653 4867 effertur
673 4814 874 4881 aequiperare,
894 4815 989 4883 sieque
1009 4812 1166 4872 Pchvt).
1186 4823 1212 4873 1.
1233 4812 1285 4874 W.
1305 4817 1331 4865 2.
1467 4836 1472 4849 ·
