3384 5359
665 300 774 365 PAR.
796 299 826 364 1.
872 296 914 364 C.
938 297 970 369 2·
993 298 1025 363 3.
1169 340 1172 349 ·
1329 300 1332 305 '
1445 301 1504 367 181

183 443 270 520 viri,
306 440 475 528 quidquam
497 439 583 504 aliud
603 440 805 523 propositum
826 438 924 503 fuisse
946 437 1113 503 videatur?
1149 439 1312 521 Quaeres
1335 444 1374 505 ad
1396 465 1505 509 necem
1602 454 1608 465 '

184 539 377 603 Porsennae
400 534 441 600 C.
465 534 628 598 Mucium¹
650 533 792 616 impulit,
822 534 891 596 siue
913 530 976 596 ulla
998 554 1055 614 spe
1076 532 1183 596 salutis
1206 534 1305 597 suae?
1342 537 1432 616 Quae
1455 537 1504 602 vis

155 662 161 675 ¹
186 614 372 697 Coeiiteui¹
386 622 505 692 ’eontra
529 650 636 692 ornnes
657 628 794 691 hostiurn
818 626 927 709 copias
947 626 1048 693 tenuit
1070 626 1101 688 in
1124 638 1221 708 ponte
1243 627 1371 691 solum?
1404 633 1505 714 quae³

183 736 312 808 patrem
341 723 493 799 Decium,
532 744 613 807 quae
635 722 731 783 fllium
754 718 937 801 devotdui,
960 702 1112 806 Tatqnie]
1138 716 1285 783 iminisit⁴
1306 718 1338 783 in
1368 735 1503 805 aquinae
1581 767 1588 779 .

184 818 328 881 hostium
360 814 501 909 copiaspd,
530 816 616 895 Quid
644 814 834 879 continentia
863 812 917 889 C.
935 812 1092 890 Fabricii,
1127 810 1369 898 quid'teriuitis
1402 816 1504 883 vietus
1541 854 1550 867 ι
1620 876 1624 885 ,

184 911 239 976 Μ’
262 908 359 973 curii
383 904 598 993 sequebatur?
634 909 719 989 Quid
746 911 809 973 duo
838 902 1080 991 propbgdaeula
1109 906 1185 969 belli
1213 907 1343 984 Punici,
1379 908 1441 973 Cn.
1472 918 1529 974 et'
1595 922 1601 933 ’
1682 908 1684 917 ’

185 1005 232 1069 Ρ.
256 1002 439 1084 Scipiones,
477 1001 531 1085 qni
556 1000 867 1087 Karthaginiensium
895 1000 1063 1063 adveutum
1092 1000 1283 1080 corporibus
1314 996 1386 1064 siris*
1403 1003 1505 1069 iuter·
1543 1002 1549 1009 ”

176 1099 377 1160 eludendum
392 1096 605 1178 putaverunt?
631 1097 706 1180 quid
721 1096 891 1159 Africanus
914 1093 1038 1157 iunior?
1063 1093 1137 1179 quid
1160 1093 1305 1158 minor⁵?
1327 1101 1402 1182 quid
1422 1098 1505 1163 inter

186 1191 304 1254 borum
334 1192 452 1252 aetates
479 1150 672 1277 intuissetq
687 1188 797 1253 Cato?
831 1188 908 1273 quid
929 1186 1172 1250 innumerabiles
1197 1186 1270 1250 aiiii
1290 1220 1332 1234 -
1353 1213 1423 1254 nasu
1446 1195 1505 1257 do·

187 1284 330 1347 mesticis
352 1283 505 1365 exeinplis
533 1282 723 1346 abundamus
739 1315 779 1341 -τ
794 1280 972 1366 cogitasse,
996 1279 1165 1364 quidquam
1187 1280 1219 1349 in
1241 1282 1303 1345 vita
1326 1284 1385 1347 sibi
1406 1308 1505 1369 expe·

186 1379 336 1452 tendum,
366 1377 426 1440 nisi
448 1380 532 1461 quod
554 1378 707 1441 laudabile
731 1375 833 1440 esset⁷
856 1386 887 1437 et
908 1373 1123 1455 praeclarum,
1146 1373 1317 1440 videntur?
1359 1378 1425 1442 111.
1451 1380 1504 1445 13.

186 1470 330 1534 Veniant
351 1472 449 1557 igitur
470 1470 542 1533 isti⁸
563 1470 710 1534 irrisores
731 1469 822 1532 husius
845 1467 999 1559 orationis
1022 1486 1059 1529 ae
1079 1466 1270 1530 sententiae:
1297 1481 1328 1533 et
1349 1472 1430 1534 ian1⁹
1452 1473 1505 1557 vel
1570 1474 1576 1483 '

185 1564 251 1648 ipsi
272 1564 426 1640 iudicent,
451 1577 555 1627 utrum
576 1586 611 1627 se
633 1566 747 1627 borum
769 1561 918 1636 alieuius,
943 1560 998 1646 qui
1015 1558 1199 1622 marmoreis
1222 1562 1328 1640 tectis,
1353 1565 1451 1628 ebore
1473 1576 1505 1629 et

186 1679 272 1722 auro
294 1659 507 1743 fulgentibus,
532 1658 588 1741 qui
601 1656 720 1743 signis,
742 1659 798 1741 qui
818 1656 953 1732 tabulis,
978 1654 1034 1740 qui
1055 1654 1178 1718 caelato
1201 1674 1280 1720 atrro
1302 1668 1333 1720 et
1354 1671 1503 1742 argento,

185 1753 244 1837 qui
274 1750 448 1816 Corinthiis
478 1753 629 1832 operibns
659 1753 837 1827 abundant,
875 1771 914 1813 an
945 1747 986 1815 C.
1014 1747 1172 1826 Fabricii,
1210 1750 1268 1835 qui
1290 1749 1366 1815 nibil
1392 1775 1504 1818 eorum

187 1845 318 1920 habuit,
352 1844 429 1907 nibil
450 1845 570 1906 babere
596 1844 714 1919 voluit,
749 1843 863 1906 similes
893 1864 960 1906 esse
990 1840 1155 1929 analium?
1207 1844 1258 1908 11.
1293 1838 1401 1930 Atque
1426 1848 1505 1912 haeo

187 1936 334 2021 quidem,
367 1958 449 2023 quae
471 1939 567 2000 modo
588 1938 670 2012 hane,
705 1939 800 2000 modo
822 1936 897 1999 illue
918 1936 1170 2012 transferuntur,
1199 1939 1293 2002 facile
1316 1942 1427 2005 adduci
1448 1963 1504 2005 so·

187 2031 272 2106 lent,
303 2042 337 2093 nt
357 2031 388 2094 iu
411 2031 505 2093 rebus
528 2030 619 2093 bonis
642 2051 709 2093 esse
731 2041 846 2113 negent
857 2050 870 2119 ι
899 2027 1010 2091 11111ιι
1033 2041 1119 2092 arete
1141 2041 1265 2107 tenent,
1295 2045 1504 2117 aeennrateque

188 2125 375 2200 defendunt,
410 2123 605 2203 voluptatem
635 2143 703 2186 esse
730 2143 881 2186 siinomruu
904 2123 1034 2185 bonurn.
1079 2123 1168 2201 Quae
1192 2123 1317 2208 quidem
1339 2123 1416 2188 mihi
1437 2146 1505 2189 vox

188 2220 345 2300 pecandum
383 2216 507 2278 videtur
537 2236 626 2289 esse,
665 2236 730 2288 uon
761 2216 935 2280 bominum.
988 2217 1056 2293 Τιι,
1094 2238 1188 2300 quum
1220 2217 1278 2279 tibi
1308 2218 1376 2283 siue
1405 2221 1501 2295 denas,

187 2311 258 2373 eive
280 2322 397 2385 mater,
432 2321 466 2371 ut
487 2308 529 2372 ita
552 2307 683 2385 dicam,
706 2329 812 2370 rerum
835 2306 1020 2384 omniumr,
1052 2319 1182 2385 natura,
1214 2309 1335 2374 dederit
1355 2311 1501 2390 auianum,

188 2412 257 2487 quio
299 2402 375 2466 nibil
419 2414 468 2465 est
502 2402 711 2485 praestantius
756 2422 858 2486 neque
902 2399 1065 2476 divinius,
1113 2401 1160 2465 sie
1199 2413 1230 2465 te
1270 2403 1338 2486 ipse
1377 2404 1505 2469 abiicies

188 2510 285 2583 atque
329 2508 539 2579 prosternes,
588 2507 623 2559 nt
665 2494 740 2559 nibil
782 2495 865 2558 iuter
906 2505 938 2559 te
985 2507 1079 2578 atque
1125 2498 1360 2579 quadrupedem
1379 2499 1406 2540 ¹³
1448 2498 1505 2562 ali·

193 2635 1508 2669 ...-.......-..ι.-..--.-.-................,-.
1583 2642 1591 2659 .

265 2742 372 2825 (q‘sne
388 2742 456 2805 cai.
477 2755 567 2824 pauci.
587 2767 614 2822 p.
634 2747 723 2803 eene.
743 2744 825 2820 seqq.
843 2774 883 2788 -
900 2748 934 2817 Q.
953 2747 1080 2801 Mur...
1098 2751 1130 2804 v.
1150 2752 1193 2808 u.
1214 2753 1272 2808 u..
1291 2755 1323 2812 1..
1342 2757 1374 2812 r.
1412 2755 1449 2908 p)
1468 2786 1507 2804 -
1542 2773 1545 2780 -
1638 2716 1643 2733 '

188 2827 342 2879 Boreum
361 2826 436 2879 Cael.
456 2826 503 2884 Cr.
529 2826 571 2879 M.
590 2823 649 2876 Ma.
698 2823 737 2893 (³)
769 2841 895 2894 -quae
913 2829 956 2875 via
975 2824 1008 2879 B.
1026 2826 1091 2879 Bas.
1110 2840 1136 2879 ι.
1155 2830 1200 2882 Cr.
1219 2829 1261 2883 Μ.
1282 2833 1340 2885 Ma.
1389 2831 1415 2906 (⁴
1458 2835 1508 2889 sio

189 2918 255 2956 enm
275 2902 411 2975 plerisque
430 2902 493 2954 Bas.
512 2919 539 2973 p.
564 2898 661 2972 (prob.
681 2896 796 2963 Lamb.)
821 2899 906 2972 Laog.
926 2897 1017 2953 Gebb.
1042 2900 1124 2972 seqq.
1163 2901 1238 2958 Seite
1258 2904 1381 2961 observat
1401 2906 1508 2962 Korde-

188 2981 265 3042 eius,
294 2975 465 3049 desumptum
495 2979 660 3029 merarius
680 2973 734 3026 boo
753 2973 866 3027 verbum
887 2992 920 3027 er
938 2978 1017 3029 Accii
1036 2973 1171 3030 Aeneadis
1191 2995 1213 3032 ι.
1232 2980 1320 3035 Decio
1340 2981 1411 3056 apud
1429 2974 1506 3039 Non.

188 3070 216 3125 p.
236 3055 282 3110 98.
319 3051 417 3103 Patrio
436 3047 561 3121 exemplo
578 3057 607 3101 et
624 3066 667 3099 me
686 3048 783 3100 dicabo
802 3057 884 3120 atquae
903 3054 1025 3102 animm
1042 3050 1181 3104 devetabo
1207 3052 1252 3121 (de
1271 3057 1387 3110 Ceuebii
1406 3056 1434 3113 Ε.
1454 3076 1506 3132 pro
1547 3078 1565 3117 ,’

187 3132 285 3199 inepto
304 3125 463 3192 devorabo)
483 3124 616 3176 hostibus.
637 3152 677 3165 -
694 3123 809 3176 devovit
827 3124 862 3176 Β.
880 3141 910 3177 a:
925 3125 971 3180 Cr.
991 3126 1024 3180 V.
1043 3127 1085 3180 M.
1106 3128 1165 3182 Ma.
1184 3131 1216 3183 L.
1236 3131 1267 3184 P.
1285 3157 1321 3174 ι·
1338 3150 1372 3184 ae
1390 3137 1507 3187 tmmieIt

187 3220 216 3276 p.
236 3202 270 3255 v.
290 3202 332 3255 M.
353 3203 409 3257 Μι.
434 3205 656 3268 :immisitque
675 3198 736 3252 Bas.
775 3198 878 3253 Melina
898 3200 1015 3273 copula,
1062 3217 1124 3254 nem
1143 3220 1194 3275 ego
1213 3205 1265 3277 [],
1285 3206 1425 3261 omittitur
1443 3225 1507 3265 euin

188 3278 262 3342 Gen..
292 3275 362 3330 elue.
394 3303 430 3320 -
457 3276 560 3327 devota
586 3280 650 3325 vita
677 3272 959 3330 immisitcd.1.eid.
989 3220 1061 3349 apud
1087 3275 1214 3334 Oudend.
1243 3278 1276 3331 ad
1295 3283 1398 3355 Appul.
1423 3284 1457 3337 T.
1480 3294 1508 3343 1.

187 3350 216 3427 p.
237 3357 317 3416 523..
346 3356 392 3422 qui
412 3350 519 3426 Probat.
557 3349 607 3402 Est
627 3363 717 3401 temen
743 3367 776 3401 ex
795 3348 923 3421 interpol.
972 3350 1009 3416 (⁶)
1038 3378 1075 3394 ·-
1092 3356 1205 3405 minor?
1233 3354 1300 3426 quid
1315 3363 1407 3409 maior
1424 3359 1457 3413 B.
1477 3378 1505 3434 p.

187 3429 237 3482 cf,
256 3428 299 3481 m„
343 3426 381 3501 (i)
405 3450 441 3484 =
459 3428 498 3480 at.
518 3431 576 3478 iun.
596 3425 658 3479 Bae.
704 3420 742 3497 (²)
768 3423 814 3476 Sic
834 3426 915 3496 Barg.
938 3422 1041 3479 eCdd.
1060 3424 1153 3481 baum
1172 3435 1319 3485 constituit
1338 3437 1432 3506 sieque
1451 3436 1507 3489 Gu.

186 3508 243 3556 nisi
272 3500 362 3574 quad:
393 3518 432 3555 ea
458 3519 497 3552 au
524 3504 673 3568 cogitasse.
713 3498 826 3570 vulgata
855 3500 919 3552 inde
948 3515 963 3551 a
993 3499 1088 3554 bamb.
1110 3504 1192 3562 1166.
1229 3507 1354 3581 Langia,
1387 3512 1507 3564 Graevia

187 3584 217 3639 ὅ.
238 3587 263 3636 1.
283 3584 310 3633 2.
337 3578 373 3631 G.
393 3578 428 3631 N.
454 3576 522 3628 haee
541 3590 598 3628 eet:
628 3602 667 3617 ·-
692 3579 834 3642 cogitasse
858 3573 1005 3646 quidquam
1020 3584 1151 3646 pitiamus
1169 3584 1200 3632 in
1216 3587 1281 3634 viia
1298 3583 1352 3635 sibi
1369 3593 1506 3657 expeten-

187 3654 272 3719 dum,
289 3658 346 3704 utri
363 3651 436 3723 quod
453 3650 591 3702 laudabile
610 3657 638 3701 et
652 3649 831 3722 praeclarum
851 3667 909 3700 esse
927 3649 1092 3702 videretur?
1122 3658 1175 3708 niti
1194 3656 1267 3728 quod
1287 3659 1334 3713 1.:
1359 3681 1396 3717 ε
1414 3660 1506 3732 qsaidq.

184 3738 336 3801 putamus,-
362 3730 430 3785 1..1.
445 3733 471 3782 2.
486 3727 580 3781 G.N.:
599 3745 638 3779 =
656 3743 714 3776 esse
733 3732 763 3775 et
777 3725 1005 3795 praeci—esse
1024 3741 1115 3780 autem
1134 3730 1169 3784 G·
1189 3733 1223 3787 N.
1243 3734 1286 3807 [].
1324 3734 1399 3809 (sed
1414 3743 1506 3806 puta-

187 3821 251 3855 mus
278 3803 359 3856 molti
389 3807 538 3867 omittunt,
569 3799 818 3871 alii‘putabimus‚
847 3807 1028 3871 putamusne,
1056 3812 1195 3872 putasne,
1226 3818 1362 3878 putesne:
1393 3811 1465 3863 unde
1489 3828 1506 3864 o

68 3918 79 3925 .
187 3878 271 3952 gloss.
290 3896 349 3932 esse
368 3892 498 3950 apparet,
519 3892 551 3930 eo
571 3893 679 3948 quoque
698 3880 808 3929 nornine
828 3875 962 3941 moleste,
982 3875 1055 3947 quod
1073 3878 1165 3950 paullo
1185 3897 1247 3935 aure
1268 3898 1309 3936 est
1324 3892 1505 3955 putaverunt.

186 3962 261 4005 emt
288 3961 316 4005 et
344 3953 422 4006 multi
451 3950 540 4017 Cdd.)
568 3978 606 3993 -
627 3957 759 4020 putamus
786 3967 838 4002 nos
865 3950 930 4002 illos
957 3951 1104 4023 quidquam
1131 3959 1160 4006 in
1184 3962 1247 4008 vita
1265 3957 1318 4008 sibi
1335 3967 1427 4031 expet.
1446 3977 1506 4012 esse

186 4033 347 4097 cogitasse,
367 4027 514 4098 nisique&
531 4026 550 4078 1.
569 4033 598 4076 ei
612 4043 658 4095 pr.
678 4041 737 4075 esse
754 4025 900 4077 videretur
918 4026 951 4078 Β.
965 4026 1027 4080 Βιι.
1048 4053 1083 4070 -
1102 4047 1141 4081 an
1159 4028 1297 4101 cogitasse
1315 4051 1359 4102 qu.
1374 4043 1506 4107 pereamus
1572 4078 1575 4083 ,

186 4109 219 4155 in
235 4109 298 4154 vita
316 4102 369 4153 sibi
386 4121 466 4172 exp„
486 4105 542 4153 uisi
560 4099 634 4171 quod
652 4098 670 4153 l.
690 4116 750 4150 esse
771 4108 800 4152 et
813 4118 861 4171 pr.
879 4099 993 4151 videtur
1013 4099 1079 4178 (eie)
1099 4120 1126 4176 p.
1152 4134 1188 4148 -
1206 4125 1245 4157 an
1260 4116 1391 4178 pactarum
1409 4128 1507 4180 quem·

185 4196 269 4250 quam
287 4177 385 4229 horum
402 4182 543 4243 capitam
562 4170 708 4246 quidquam
726 4180 802 4241 (eet.
821 4190 851 4229 ut
872 4181 918 4248 p.)
938 4179 984 4230 Cr.
1004 4175 1046 4228 M.
1066 4180 1123 4232 Me.
1149 4206 1187 4224 -
1204 4200 1243 4233 ιιιι
1261 4187 1405 4252 cogitasse
1421 4185 1507 4257 quid.

184 4244 269 4326 quaui
288 4252 318 4304 iu
336 4258 398 4303 vita
415 4253 470 4303 ribi
487 4269 546 4303 esse
564 4257 674 4319 expet„
693 4255 755 4305 nisi,
766 4249 842 4321 qreod
858 4249 995 4302 laudabile
1014 4259 1042 4303 et
1056 4271 1102 4323 pr.
1122 4254 1266 4308 videretur
1284 4263 1359 4323 (om.
1377 4269 1507 4321 putam

185 4345 215 4382 et
234 4342 292 4380 esee
312 4341 375 4400 post
398 4327 492 4391 iared.)
518 4327 550 4380 V.
581 4352 619 4367 ·—
645 4343 684 4376 aa
705 4326 867 4396 putabimus
891 4344 1051 4397 quemquam
1075 4327 1173 4382 iarun
1198 4337 1339 4400 cogitasse
1362 4335 1508 4407 qradquem

185 4403 256 4477 (eet.
275 4417 305 4456 ιιι
325 4402 375 4476 0.)
393 4404 425 4456 P.
475 4400 513 4468 (ὅ)
543 4422 581 4457 =
599 4404 651 4453 trr.
672 4405 722 4451 isti
739 4402 773 4469 Β.
801 4416 839 4453 ee
865 4417 920 4454 om.
939 4405 988 4452 isti
1006 4401 1061 4461 Gn.
1081 4423 1108 4478 p.
1128 4421 1153 4458 a.
1172 4414 1219 4462 cr.
1238 4408 1280 4462 Μ.
1300 4409 1358 4463 Μι.
1377 4428 1434 4464 non
1454 4416 1508 4464 im.

185 4478 266 4551 prob.
286 4479 394 4532 Gerub.
444 4473 482 4550 (⁹)
513 4491 552 4527 ω
570 4493 627 4528 oni.
645 4484 674 4526 et
692 4480 750 4526 iam
768 4476 831 4529 Bet.
851 4475 917 4530 Atii.
967 4476 1017 4544 (¹⁰)
1050 4480 1096 4532 die
1115 4482 1173 4535 Ma.
1192 4484 1222 4537 1..
1241 4488 1268 4543 5.
1290 4484 1368 4556 seqq.
1390 4505 1429 4539 ς
1447 4501 1506 4537 esse

184 4560 248 4606 sim.
267 4571 304 4607 m.
325 4554 355 4605 P.
375 4579 407 4593 -
431 4569 460 4602 se
479 4550 582 4601 similes
603 4567 661 4601 esse
679 4569 716 4605 ιιι.
735 4551 781 4603 Cr.
804 4552 834 4603 V.
856 4551 898 4605 M.
916 4579 955 4594 —
971 4570 1002 4604 ee
1019 4558 1082 4607 eim.
1102 4572 1138 4608 ιιι.
1157 4560 1189 4611 Β.
1209 4559 1272 4613 Bas.
1291 4577 1317 4631 p.
1357 4558 1410 4613 sed
1430 4575 1508 4633 prae·

186 4633 329 4682 censitae.
382 4626 432 4691 (¹¹)
464 4626 511 4678 Sic
530 4629 592 4679 Bas.
613 4626 667 4678 Gn.
687 4623 786 4680 Duisb.
805 4644 833 4699 p.
853 4626 886 4678 V.
904 4627 935 4679 L.
956 4626 987 4680 P.
1014 4656 1053 4670 -
1071 4629 1142 4682 iliud
1158 4639 1251 4684 tamen
1274 4638 1319 4688 Cr.
1340 4634 1380 4689 Μ.
1401 4636 1456 4688 Ma.
1479 4638 1506 4693 ὅ.

185 4705 268 4774 Seqq.
286 4732 325 4744 -
343 4702 413 4753 iliud
430 4710 522 4751 eutem
542 4702 601 4756 vbi.
621 4718 636 4752 e
657 4699 740 4771 gloss.
760 4716 879 4767 utrumq.
927 4701 976 4764 (¹²)
1004 4722 1043 4756 =
1062 4721 1135 4759 omn,
1156 4724 1212 4760 m,
1231 4708 1263 4763 Ε,
1309 4707 1359 4776 (u)
1379 4709 1425 4763 510
1444 4708 1507 4764 132„

186 4778 245 4831 νΜ.
265 4785 290 4838 5.
312 4790 338 4835 1.
359 4778 394 4832 G.
416 4781 497 4847 Burg.
518 4776 553 4828 N.
581 4795 618 4829 =
636 4784 664 4825 te
683 4783 712 4826 rt
730 4775 827 4845 qreadr.
854 4775 907 4828 Gu.
927 4776 959 4829 B.
987 4775 1018 4831 ii.
1039 4779 1074 4832 ii.
1104 4807 1137 4822 -
1156 4790 1184 4831 ie
1203 4792 1284 4854 atque
1304 4790 1377 4836 iuter
1396 4803 1440 4855 qu.
1460 4784 1507 4842 Cr.

186 4854 220 4906 t.
241 4854 282 4909 11.
303 4853 361 4908 Ma.
382 4853 413 4906 L.
433 4853 466 4906 P.
487 4850 553 4906 Set.
573 4856 599 4906 2.
638 4847 695 4906 eir.
716 4849 985 4919 iuseut.t1,u.sa.
