3384 5359
33 274 36 283 ’
177 286 190 297 ’
215 296 279 361 ιιι
327 252 332 262 ’
639 296 866 362 ιιιιιιίιιιιι
889 298 1104 363 uuuuuu.

216 452 274 494 sam
294 442 367 507 inter
385 455 414 492 se
433 435 572 493 diversati
602 440 678 508 Quas
698 442 772 492 euim
791 454 1013 507 enumeraverat,
1038 436 1096 493 lere
1121 453 1200 493 etant
1224 438 1291 514 ban
1320 439 1460 491 Aesimum
1484 454 1563 489 esse

216 531 280 580 eor,
300 522 350 566 atet
366 519 548 583 sanguinem,
567 518 725 578 cerebrum,
746 521 886 578 animarer,
906 510 1016 583 ignem,
1035 514 1229 579 horinons'am,
1249 530 1403 579 numerum,
1423 513 1566 572 e'stres'te-

211 608 319 666 χειαν,
346 587 424 641 rrilrii.
464 591 562 644 Crassa
582 589 707 661 proiecto
727 590 853 643 Minerva
874 590 974 655 luerit,
1001 595 1046 661 qui
1068 592 1117 643 hae
1137 605 1195 644 ram
1214 588 1377 643 dissidentes
1397 607 1456 642 non
1483 592 1564 641 sine

217 661 379 718 confusione
399 678 516 718 tractare
536 681 563 720 et
582 664 734 718 diiudicare
754 671 866 738 poterit.
909 664 963 721 Sed
989 671 1019 718 irr
1044 664 1127 719 nullis
1147 681 1262 735 usquarn
1281 664 1423 718 codicibus
1445 682 1562 736 repes·
1664 658 1665 687 r

217 754 275 793 tum
295 754 335 792 est
355 737 424 792 illud
443 740 536 794 NON:
566 739 639 812 quod
658 739 761 794 idcirco
783 744 920 794 Victorius
939 746 1087 797 omiserat,
1113 746 1144 793 in
1170 757 1201 794 ea
1229 740 1437 811 repletumque
1457 738 1561 804 fidus,
1664 748 1665 767 ¹

216 833 251 869 ne
271 814 362 867 dicam
382 820 601 887 superstitiosus.
639 817 715 884 Quin
735 831 762 868 et
782 831 797 866 a
816 821 873 868 suis
894 816 1023 869 omnibus
1037 808 1157 869 abluisse
1172 832 1287 869 testatus
1300 833 1340 868 cst
1354 813 1559 875 Gebbardus;
1664 848 1665 905 i

216 895 310 961 sicque
329 904 441 943 manum
460 890 493 943 de
513 890 605 944 tabula
625 891 714 957 tollit,
740 894 818 961 qnasi
837 895 973 944 irreititiae
999 891 1151 963 particulae
1178 895 1313 945 electione
1340 908 1382 943 ree
1407 888 1559 943 confecta

217 981 306 1031 esset,
325 981 353 1018 et
373 971 509 1019 sententia
529 966 680 1038 explicata:
706 982 791 1036 quae,
817 982 864 1018 aut
882 960 1004 1020 'multum
1024 985 1075 1039 ego
1094 964 1190 1031 fallor,
1215 982 1261 1019 aut
1281 982 1314 1017 eo
1333 970 1420 1038 magis
1441 966 1558 1018 haeret

217 1056 245 1093 et
266 1039 399 1113 impedita
418 1057 469 1094 est.
507 1039 582 1111 Quid
600 1047 692 1107 enim,
705 1029 845 1105 obsecro,
866 1040 919 1094 eibi
941 1042 1052 1106 volunt,
1071 1041 1123 1093 sed
1140 1050 1183 1092 est
1202 1036 1324 1113 difficile
1342 1038 1558 1111 confundere?
1664 1086 1665 1107 ,

217 1117 364 1169 Enimvero
384 1121 475 1189 potius
495 1115 641 1182 distinete,
659 1115 824 1179 distribute,
846 1116 989 1170 enucleate
1009 1116 1130 1170 scribere
1149 1114 1262 1169 diiiioile
1282 1131 1339 1175 esst
1358 1114 1558 1181 confundere,

217 1188 384 1256 do'rrnitare,
401 1191 458 1244 labi
479 1190 559 1264 longe
579 1191 750 1245 facillimum.
789 1193 930 1261 Quorsum
950 1208 1042 1246 autem
1062 1190 1195 1263 difficile,
1213 1196 1291 1262 quasi
1311 1208 1374 1244 uero
1393 1190 1421 1242 id
1440 1192 1554 1241 studio

217 1274 246 1317 et
271 1265 343 1316 dota
367 1283 453 1337 opere
478 1265 570 1331 fieret,
600 1283 627 1320 et
654 1271 683 1320 in
708 1272 842 1320 orationis
869 1267 1017 1321 virtutibus
1044 1284 1127 1333 esset,
1156 1283 1187 1320 ut
1214 1285 1257 1320 ree
1276 1263 1556 1335 eonfienderenteer?

217 1355 301 1412 apage
319 1340 469 1394 lectionem
490 1357 544 1395 tam
564 1342 694 1407 stultam,
714 1358 770 1395 tam
791 1344 989 1415 portentosam.
1030 1340 1163 1395 Viderunt
1183 1332 1290 1395 scilicet
1309 1343 1377 1401 boc,
1398 1345 1445 1411 qui
1467 1338 1552 1394 illud

216 1415 296 1469 NON
316 1420 411 1469 invitis
430 1412 817 1471 codicibus‘introduxerunt:
845 1415 971 1471 viderunt
999 1435 1106 1488 quoque
1132 1416 1214 1470 credo
1239 1421 1286 1487 qui
1313 1433 1420 1469 rursum
1446 1421 1553 1469 eiece-

217 1506 296 1551 runt:
316 1489 364 1545 sed
380 1490 468 1563 'quum
486 1491 550 1545 loco
568 1492 674 1546 labanti
694 1493 861 1545 medicinam
881 1510 939 1545 non
958 1498 1125 1565 reperirent,
1151 1491 1263 1545 silentio
1284 1509 1341 1544 reru
1361 1490 1551 1545 dissimulare

217 1564 367 1639 prudenter
386 1582 427 1620 est
446 1572 545 1620 visum.
585 1568 642 1639 Ego
663 1585 743 1632 vero,
764 1585 848 1638 quum
869 1572 898 1620 iu
918 1587 974 1621 uno
993 1588 1026 1622 er
1046 1572 1099 1621 tuis
1119 1566 1260 1621 codicibus
1274 1564 1549 1630 couiuiiussuss,

217 1641 347 1695 inuitem
361 1641 583 1697 CONFUTARE
597 1643 724 1697 vidissem
737 1642 876 1703 exhiberi;
894 1648 1030 1697 contiuuo
1044 1662 1077 1696 ea
1096 1647 1154 1714 ipsa
1174 1645 1309 1694 sententia
1330 1658 1419 1693 seram
1439 1641 1549 1694 lectio-

216 1733 282 1767 nem
302 1716 412 1781 cxtudi,
439 1734 507 1788 quae
532 1723 573 1771 sic
597 1734 626 1771 ac
653 1716 758 1770 babctt-
781 1719 916 1790 Cuperem
933 1719 1057 1789 equidem
1076 1727 1234 1787 utriunque,
1260 1721 1285 1766 si
1305 1724 1418 1786 posset,-
1447 1716 1546 1769 ESSE

217 1788 339 1862 difficile
359 1791 578 1846 CONFiTEllE:
607 1792 662 1845 hoc
688 1808 746 1858 est,
770 1792 926 1865 confiteris.
970 1798 1059 1865 Atque
1078 1794 1147 1846 baec
1166 1791 1323 1844 emendatio
1342 1796 1455 1863 eripio
1474 1791 1547 1843 eolo

216 1871 295 1937 quasi
314 1882 411 1992 sponte
430 1865 602 1920 nascebatur.
639 1868 753 1921 Dixerat
773 1875 847 1922 euim
868 1870 984 1934 Cicero,
1010 1885 1079 1938 qreoe
1103 1884 1139 1918 ex
1164 1867 1208 1917 iris
1232 1872 1380 1918 sententiis
1396 1884 1467 1917 uera
1485 1872 1544 1930 sit,

216 1959 304 2012 supra
341 1947 458 1993 ominem
477 1959 537 1993 etse
555 1941 725 2003 diiudicars‚·
749 1963 819 2014 piene
841 1948 906 1995 veri
923 1944 1082 2005 simillima,
1109 1961 1243 2010 inagnum
1263 1950 1291 1993 ei
1310 1941 1428 1993 arduom
1446 1960 1546 2011 quae-

216 2021 336 2068 stionem
353 2035 421 2068 esse.
460 2017 532 2089 Ergo
552 2015 625 2089 quod
644 2023 702 2091 ipss
721 2018 862 2072 confessus
882 2034 941 2072 erat
960 2035 1021 2072 esee
1040 2017 1170 2084 difficile,
1190 2017 1330 2070 modestus
1353 2015 1544 2070 interlocutos

218 2097 320 2144 veritus
340 2109 381 2145 eet
402 2090 437 2142 ab
458 2110 491 2145 eo
511 2095 628 2165 exigere.
1063 2132 1066 2141 .

292 2167 372 2220 Cae.
386 2168 440 2237 Χ).
459 2169 535 2219 Nam
547 2173 571 2219 si
583 2185 643 2234 cor,
661 2175 712 2218 aut
723 2174 850 2243 sanguis,
871 2176 920 2220 atet
933 2167 1074 2219 cerebrum
1093 2175 1136 2218 est
1154 2170 1282 2232 ardincus,-
1302 2174 1386 2228 certe,
1407 2169 1542 2237 quoniam

217 2248 260 2293 est
277 2259 394 2312 corpus,
413 2243 540 2293 interibit
558 2261 620 2295 erun
638 2244 743 2314 reliquo
762 2261 893 2314 corpore:
917 2248 945 2294 si
962 2250 1058 2294 anima
1075 2250 1134 2306 est,
1155 2240 1271 2296 fortasse
1292 2240 1487 2313 dissipabitur;
1510 2245 1540 2292 si

216 2321 304 2385 ignis,
325 2323 537 2386 exstinguetur:
559 2324 586 2369 si
603 2326 645 2369 esi
666 2321 832 2370 Aristoxeni
850 2316 1007 2383 harmonia,
1028 2318 1207 2371 dissolvetur.
1246 2317 1319 2386 Quid
1340 2316 1373 2368 sie
1392 2317 1542 2369 Dicaear-

217 2390 267 2444 cho
287 2392 392 2458 dicant,
417 2398 463 2462 qui
486 2392 560 2463 nihil
576 2399 687 2445 omnino
706 2398 829 2444 animrem
848 2393 926 2445 dicat
945 2394 1034 2462 eseei]
1061 2392 1117 2445 Ubi
1138 2392 1205 2445 illud
1224 2391 1299 2455 uide,
1322 2407 1356 2445 ιιι
1382 2396 1410 2443 in
1436 2393 1540 2445 ceteris

218 2473 277 2520 eine
298 2466 469 2520 dubitatione
490 2473 664 2539 pronuntiet,
685 2470 826 2534 ιἰιιινίόιι,
846 2474 1040 2537 extinguetur,
1060 2468 1247 2523 dissolvetur:
1267 2472 1294 2520 iu
1314 2467 1364 2520 illo
1383 2465 1443 2518 eolo
1464 2471 1541 2520 timi·

218 2540 343 2597 diuscule
363 2558 441 2613 agat,
461 2541 596 2612 fortasse
616 2542 807 2614 dissipabitur.
845 2543 921 2614 Quid
941 2560 1048 2606 ιιιιειιις
1074 2559 1144 2596 anne
1163 2548 1266 2596 maiore
1287 2546 1312 2595 vi
1332 2559 1401 2614 opus
1418 2557 1478 2606 est,
1505 2555 1539 2595 nc

160 2654 163 2659 -
219 2616 338 2670 solidum
359 2622 476 2689 corpus,
495 2635 544 2671 cor
564 2628 609 2671 aut
630 2620 790 2684 cerebrum,
811 2623 943 2682 intereat:
966 2634 1047 2691 quam
1067 2635 1097 2672 ut
1117 2623 1226 2681 anima,
1248 2621 1294 2669 air
1314 2635 1412 2689 nempe
1430 2616 1540 2670 levissi-

218 2709 296 2757 mus,
323 2691 489 2764 dissipetur?
515 2693 603 2747 ltnmo
623 2712 686 2747 reto
706 2700 803 2745 anime
821 2693 865 2747 vel
883 2711 981 2748 natura
1000 2707 1048 2748 etta
1067 2692 1199 2747 facillime
1218 2691 1402 2765 dissipabilis:
1427 2708 1458 2746 ut
1477 2695 1540 2745 cui-

218 2772 259 2820 uis
278 2771 371 2840 potius
391 2783 472 2838 quarn
493 2769 557 2821 hnic
577 2769 690 2841 attribui
710 2767 808 2823 debeat
829 2769 898 2823 illud
908 2768 1054 2840 fortasse.
1099 2770 1205 2822 Tamen
1231 2774 1270 2823 ita
1289 2768 1421 2821 exhibent
1439 2784 1537 2820 omnes

220 2857 287 2913 quas
308 2842 365 2897 uidi
384 2843 530 2897 editiones.
575 2843 627 2898 Sed
647 2844 700 2898 leri
721 2843 901 2900 distinctione
922 2846 989 2900 baec
1008 2844 1115 2899 macula
1135 2844 1277 2907 abluetur,
1302 2847 1325 2897 si
1346 2849 1386 2897 sic
1405 2843 1537 2914 refingas;

218 2918 250 2970 Si
269 2922 365 2969 animo
384 2926 426 2970 est
436 2916 588 2988 sortasse,
608 2919 798 2991 dissipabitur.
837 2921 871 2974 lu
891 2925 1021 2993 ambiguo
1041 2921 1150 2977 scilicet
1169 2919 1315 2990 relinquit,
1341 2937 1372 2972 ut
1392 2917 1538 2972 Academi·

220 3009 278 3055 cus,
297 3009 390 3046 utrum
409 3010 466 3059 cor,
485 3010 532 3048 aut
552 3000 672 3067 sanguis,
692 3012 738 3048 aut
758 3000 861 3060 anima,
882 3012 927 3049 aut
948 3000 1030 3069 ignia,
1051 3011 1098 3048 aut
1118 2996 1262 3048 harmonia
1275 3000 1326 3053 titt
1346 2993 1417 3047 nihil
1429 2993 1536 3059 delinit,

218 3067 290 3120 nihil
310 3072 438 3140 percipit.
478 3067 548 3122 lllud
567 3088 649 3143 porro
669 3068 742 3141 quod
761 3076 894 3140 sequitur,
913 3071 979 3141 quiri
996 3071 1030 3123 tle
1043 3069 1219 3124 Dicaearcho
1237 3069 1338 3132 dicam,
1359 3068 1453 3121 ‹lurIns
1474 3085 1535 3122 mco

199 3142 324 3197 ,iudicio
343 3159 371 3207 et
389 3144 536 3199 violentius
557 3142 686 3199 infertur:
706 3143 780 3215 quod
798 3150 839 3199 sic
859 3144 1067 3199 emolliendum:
1087 3146 1120 3197 Si
1137 3154 1181 3196 est
1194 3147 1361 3196 Aristoxeni
1378 3142 1535 3210 harmonio,

219 3217 405 3271 dissolvetur:
424 3218 527 3292 nequid
545 3220 578 3272 de
597 3219 772 3273 Dicaearcho
790 3221 896 3285 dicein,
914 3226 961 3293 pree*
979 3220 1050 3273 eiiii
1066 3225 1177 3273 οιιιιιίιιιι
1195 3225 1318 3272 animum
1336 3219 1411 3271 dicat
1430 3237 1498 3271 esse.

295 3295 374 3348 Cau.
394 3295 456 3349 XV.
485 3294 646 3368 Adspicite,
674 3315 691 3348 o
716 3302 806 3361 cives,
833 3302 908 3353 senis
926 3296 1001 3348 Enni
1019 3296 1146 3364 imnpini’
1158 3292 1307 3361 formans:
1335 3296 1390 3346 Hit
1407 3303 1534 3346 vestreae

220 3371 309 3439 pinsit
330 3374 454 3421 maxima
463 3368 556 3440 foeta
571 3371 700 3444 patrum]
727 3374 780 3426 llic
799 3376 920 3442 sequeris
939 3370 1135 3436 limitandum,
1161 3375 1207 3441 qui
1233 3390 1266 3424 ex
1293 3368 1438 3422 codicibus
1457 3369 1536 3424 Pala-

221 3446 288 3496 tinis
308 3459 364 3494 uon
384 3441 452 3496 adeo
472 3450 603 3517 antiquis,
622 3463 652 3501 us
671 3466 703 3500 ex
722 3451 791 3519 ipsis
809 3446 976 3501 lectionibus
997 3445 1077 3500 laoile
1098 3462 1138 3499 est
1157 3449 1305 3510 coniicere,
1325 3448 1448 3516 reposuit
1467 3442 1535 3497 iilud

221 3517 369 3578 PINXl'l't
395 3536 479 3589 quum
506 3525 611 3593 priores
637 3520 773 3577 editiones
798 3521 976 3587 habuissent,
1000 3522 1152 3576 PANXIT.
1192 3521 1332 3588 Pingere,
1359 3523 1466 3590 inquit,
1492 3526 1534 3570 est

177 3638 179 3641 .
218 3600 368 3664 poetarum
386 3591 557 3663 ποικίλλειν,
576 3593 753 3655 δαιδάλλειν.
791 3598 825 3651 Et
847 3614 877 3650 tu
898 3615 1004 3669 quoque
1024 3595 1213 3650 Simonideurn
1233 3595 1302 3649 illud
1321 3593 1533 3660 adernionis

222 3684 280 3719 esse
295 3674 437 3738 picturam
455 3669 625 3739 loquentem,
650 3672 793 3725 Pictorem
808 3679 908 3744 poesin
925 3673 1060 3725 silentem.
1106 3672 1190 3725 Recte
1208 3670 1319 3742 quidem
1339 3670 1394 3723 hoc
1414 3671 1533 3723 Simoni·

222 3739 285 3795 des:
311 3742 397 3796 multa
416 3749 490 3795 enim
510 3748 538 3797 in
559 3761 672 3818 utraque
692 3748 809 3802 similia:
835 3747 908 3801 uude
927 3750 1073 3811 Horatius,
1094 3747 1132 3797 Ut
1146 3752 1276 3818 pistrerrs,
1296 3747 1410 3806 Poisie,·
1435 3760 1464 3799 et
1482 3744 1533 3797 Pi-
1586 3806 1590 3817 Ι

221 3816 345 3870 ctoribies
363 3826 445 3889 atque
460 3824 563 3890 poetis.
591 3820 644 3876 Sed
660 3822 727 3894 quid
746 3838 805 3877 tum
825 3825 938 3896 posteai
955 3823 1064 3896 Ergone
1080 3826 1198 3890 pingere
1217 3838 1259 3876 cst
1278 3826 1377 3895 poima
1397 3818 1532 3873 condere?

224 3891 329 3947 idcirco
346 3909 375 3946 et
395 3894 517 3949 vicissim
532 3902 647 3967 praetori
666 3903 720 3950 erit
741 3898 1005 3971 tabulampirrgere.
1041 3898 1189 3951 Enimvero
1208 3898 1254 3950 hic
1274 3895 1376 3950 iudicio
1395 3910 1436 3949 est
1455 3911 1532 3967 opus.

222 3969 356 4035 Quamvis
382 3973 458 4024 enim
477 3975 596 4043 pingere
621 3987 686 4026 cum
712 3972 774 4026 aliie
800 3976 938 4028 adiunctis
965 3989 992 4027 et
1020 3973 1235 4037 comitantibus,
1262 3988 1330 4043 quae
1348 3969 1533 4042 metaphoram

223 4057 250 4094 et
269 4040 410 4098 declarent
429 4059 457 4099 et
475 4045 624 4113 illustrent,
645 4052 712 4102 satis
732 4048 802 4105 belle
821 4047 878 4103 dici
898 4054 999 4122 poterit
1020 4066 1069 4120 pro
1088 4065 1200 4100 carrum
1217 4048 1355 4099 seribere.-
1374 4060 1531 4099 nontamen

219 4121 338 4187 pingere
356 4138 406 4192 pet
424 4126 500 4177 sc'et
518 4120 591 4175 nude
611 4128 732 4198 positum
752 4122 824 4178 idern
843 4129 946 4197 poterit
965 4123 1128 4196 significare.
1171 4124 1270 4175 Multa
1287 4123 1439 4175 Dircaeum
1449 4121 1532 4173 ierint

223 4209 295 4243 atero
308 4211 441 4266 cygnum,
461 4192 574 4270 figurate
593 4214 620 4252 et
639 4197 780 4271 splendide
800 4200 834 4253 sb
854 4202 970 4255 Horatio
989 4199 1095 4257 dictum
1114 4213 1171 4251 est:
1191 4198 1320 4251 adiuncta
1338 4201 1533 4250 enimtestan·

225 4266 322 4322 surde
341 4274 422 4343 polita
443 4272 562 4326 Pindaro
582 4273 650 4326 baec
669 4273 797 4347 intelligi.
841 4272 896 4327 Sed
921 4279 1019 4329 rltlosc
1039 4290 1065 4326 et
1086 4271 1228 4345 putide-et
1247 4272 1423 4346 κακοζηλως
1439 4271 1530 4342 loque-

223 4357 309 4407 retur,
329 4349 376 4415 qul
394 4365 518 4418 cygnum
538 4366 587 4421 pro
606 4351 693 4402 Pollia
713 4348 837 4403 absolute
856 4347 970 4403 diceret.
1008 4349 1037 4403 Sl
1056 4350 1166 4401 calamo
1181 4354 1310 4420 pingere,
1331 4346 1459 4397 versibus
1472 4350 1532 4417 pitt-

223 4435 294 4487 gere
313 4417 429 4488 dixeris,
453 4439 487 4496 ag
525 4441 572 4477 sco
593 4427 718 4495 poitsm:
747 4429 771 4479 si
791 4424 983 4478 uudedlxeris
997 4430 1134 4497 pingere,
1160 4429 1298 4477 neminem
1320 4426 1375 4474 nisi
1401 4426 1532 4495 pictorem

224 4493 359 4566 intelligo.
397 4503 486 4569 Atque
524 4515 559 4552 oc
578 4517 626 4571 per
644 4504 739 4553 omnia
759 4498 814 4554 fere
833 4500 1011 4554 tralationurn
1037 4515 1135 4571 genera
1160 4497 1296 4553 latissime
1320 4511 1405 4568 patet.
1448 4498 1532 4568 Repu·

223 4566 315 4623 dietur
333 4587 398 4644 ergo
418 4571 486 4626 illud
498 4573 613 4635 Pinxit,-
632 4593 667 4628 ne
686 4574 815 4640 advenae,
832 4579 881 4647 qul
901 4590 1055 4649 spectatum
1074 4579 1196 4638 veniant,
1215 4590 1271 4627 non
1285 4572 1385 4628 Poitae
1401 4587 1531 4627 structum

223 4658 449 4714 monumentum,
470 4648 516 4702 sed
537 4652 643 4704 Pictorl
662 4649 840 4705 arbitrentur.
880 4651 1008 4705 Ceterum
1028 4669 1076 4705 car
1096 4665 1126 4703 tu
1145 4648 1294 4702 lectionem
1314 4664 1436 4703 veterum
1456 4646 1532 4699 Pen-

222 4726 268 4772 ιιι
287 4737 307 4787 a¹
323 4721 476 4778 Prudentio
493 4730 624 4793 arcessis,
642 4742 669 4779 et
689 4743 747 4780 non
766 4730 842 4799 ptius
859 4740 877 4778 a
896 4727 1042 4790 Lucretio,
1062 4726 1196 4789 Horatio,
1212 4740 1239 4777 et
1259 4725 1394 4778 Cicerone
1412 4724 1492 4797 ipaoi

283 4798 379 4854 ’Cn-
398 4800 474 4855 xvi.
500 4801 578 4854 Unde
597 4805 707 4853 animae
725 4808 887 4855 excitantur
905 4801 1021 4853 obscura
1038 4800 1137 4852 tenebra
1155 4809 1253 4870 reperto
1271 4805 1345 4852 ostio

501 4876 564 4949 Alii
582 4874 766 4944 Aeierontis,
785 4876 855 4930 falso
872 4881 1026 4947 sanguine,
1043 4884 1218 4929 ,mortuorum
1236 4871 1398 4946 imagines]

941 5044 948 5073 i

1380 5162 1389 5195 Ι
