3384 5359
87 3439 96 3448 ,

225 306 288 373 tto
485 303 874 375 ruscitummuuu
896 303 1294 397 utsrutn‘iiouuu
1339 370 1342 385 ,
1433 272 1444 301 “

220 412 341 511 satisls
374 447 431 511 sed
457 443 486 509 si
514 440 597 530 qual
628 442 814 529 diligentius
838 438 933 508 eruut
955 445 1200 530 cognoscenda,
1239 464 1428 530 quaeremus
1450 443 1548 508 aliast

155 582 163 595 ι
221 560 305 608 nunc
326 543 415 618 vela,
440 561 521 627 quae
544 541 640 604 modo
663 540 810 616 dicebas,
834 550 1057 621 exspectamus
1079 549 1112 601 ct
1133 559 1274 602 cursum.

307 626 390 702 XV.
414 635 468 699 dl.
490 637 547 700 M.
572 634 709 716 Quando
732 643 765 696 et
790 631 860 697 aliis
881 632 961 696 locis
984 635 1023 695 de
1046 632 1165 698 virtute
1187 633 1364 721 diximps³,
1401 646 1436 698 et
1456 654 1551 717 saepe

156 750 164 765 ·
223 728 389 798 dicendum
412 727 491 805 erit,
526 728 711 811 (pleraeque
733 726 815 791 enim
838 727 1060 810 quaestiones,
1095 748 1178 813 quae
1200 731 1241 790 ad
1263 728 1357 792 vitam
1382 749 1552 813 moresque
1596 770 1610 799 ,-

221 823 400 907 pcrtiucut,
424 843 442 885 s
463 821 592 885 virtutis
612 820 705 885 sonte
728 823 885 883 ducuntur
896 824 920 898 3)
943 821 1096 904 quando‘·
1117 820 1216 906 igitur
1241 822 1339 886 virtus
1362 835 1410 886 cst
1425 823 1552 887 affectio

223 914 485 991 animicopstaus
507 914 806 1000 conveniensque⁵,
829 914 1003 978 laudabiles
1024 913 1161 983 efficiens
1183 937 1239 979 eos
1252 917 1317 991 ,‘iu
1340 917 1455 1001 quibus
1478 928 1548 992 est,

223 1023 256 1077 et
278 1011 347 1093 ipsa
369 1031 429 1093 per
449 1030 502 1085 se,
525 1030 585 1072 sua
605 1018 741 1090 sponte,
766 1006 1026 1091 superstantiam
1048 1008 1204 1083 utilitate,
1234 1010 1416 1073 laudabilis:
1449 1032 1492 1074 ex
1512 1030 1549 1075 ea

227 1103 477 1187 proficiscuntur
490 1104 642 1167 honestae
656 1103 848 1179 voluntates,
865 1101 1049 1177 sentcntiae,
1074 1102 1233 1178 actiones,
1258 1104 1447 1190 omnisque⁶
1459 1116 1552 1169 recta

223 1197 326 1273 ratim
350 1218 538 1283 quamquam
561 1197 629 1279 ipsa
651 1195 754 1260 virtus
770 1195 958 1260 brevissimo
979 1208 1067 1258 recta
1088 1195 1193 1260 ratio⁷
1215 1196 1278 1260 dici
1298 1210 1420 1280 potest.
1444 1198 1551 1264 Huius

223 1292 324 1378 igitur
356 1290 484 1354 virtutis
516 1288 678 1354 contraris
707 1302 756 1354 est
778 1289 955 1353 vitiositas:
991 1289 1051 1369 (sic
1072 1290 1154 1353 enim
1177 1292 1262 1356 malo
1284 1313 1378 1377 quam
1401 1293 1550 1356 malitiam

223 1386 387 1471 appellare
409 1406 495 1458 eam,
519 1406 614 1470 quam
636 1383 755 1449 Gracci
776 1385 895 1450 κακίαν
916 1383 1097 1466 appellant:
1122 1407 1193 1448 uam
1212 1387 1330 1449 malitia
1345 1387 1426 1465 certi
1446 1388 1552 1451 cuius·

223 1484 295 1546 dam
312 1481 381 1544 vitii
402 1500 517 1544 nomeu
545 1490 611 1554 est3
635 1477 804 1555 vitiositas,
829 1478 969 1567 omnium
984 1479 1009 1558 ι)
1033 1499 1074 1541 cx
1095 1500 1157 1563 qua
1180 1480 1401 1544 concitantur⁸
1422 1494 1552 1563 pertur-

222 1575 387 1650 bationem
421 1583 614 1659 quaesunt,
638 1583 673 1635 ut
694 1572 804 1656 paullo
823 1584 901 1637 ante
923 1571 1076 1648 diximus,
1100 1573 1219 1637 turbidi
1241 1573 1417 1639 animorum
1439 1573 1556 1638 conci-

222 1668 345 1755 tutique
367 1680 493 1743 motus,
531 1664 636 1730 aversi
655 1687 675 1729 a
696 1666 840 1743 ratione,
878 1678 912 1731 et
931 1665 1138 1730 inimicissimi
1161 1668 1440 1753 mentisyitacque
1462 1679 1550 1730 tran·

223 1758 354 1850 quillae.
399 1763 579 1843 important
600 1758 682 1823 euim
705 1758 922 1844 aegritudines
945 1759 1055 1824 anxias
1077 1772 1171 1846 atque
1189 1765 1339 1841 acerbas,
1364 1759 1550 1845 animosque

223 1857 367 1943 affligunt
387 1866 420 1920 et
441 1853 605 1918 debilitant
627 1864 732 1917 metu:
758 1852 873 1918 iidem⁹
893 1853 1087 1918 inflammant
1107 1855 1301 1937 appetitione
1316 1854 1428 1929 uimia;
1454 1875 1548 1940 quam

221 1961 290 2014 suu
311 1948 531 2031 cupiditatem,
562 1960 629 2010 tum
649 1944 811 2010 libidinem
833 1946 984 2023 dicimus,
1015 1946 1231 2029 impotentiam
1254 1951 1410 2033 quandam
1432 1947 1547 2022 animi,

221 2065 242 2108 a
255 2042 463 2127 temperantia
478 2053 510 2106 et
525 2040 745 2131 moderatione
758 2039 927 2123 plurimum
942 2032 1155 2103 dissidentem.
1185 2042 1239 2105 35.
1263 2042 1354 2124 Quae
1378 2041 1548 2126 siquando

222 2139 339 2220 adepta
372 2136 433 2201 erit
459 2136 548 2213 idil,
583 2135 671 2218 quod
700 2135 730 2198 ei
749 2135 848 2199 luerit
858 2136 885 2175 ¹¹
907 2133 1131 2216 concupitum,
1167 2144 1233 2199 tum
1257 2135 1415 2200 ieffertur
1436 2134 1548 2198 alaeri-

222 2232 345 2310 tatem,
380 2241 415 2293 ut
436 2228 513 2293 nibil
534 2230 716 2307 constet¹³,
746 2230 834 2313 quod
857 2238 953 2313 agat:
986 2238 1020 2290 ut
1042 2228 1113 2304 ille,
1137 2229 1193 2313 qui
1213 2232 1422 2314 uoluptatem
1442 2229 1551 2293 minii

223 2324 368 2389 nimiam
388 2344 562 2389 summum
583 2343 656 2387 etse
677 2322 872 2386 errorem¹⁴
893 2322 1082 2387 arbitratur.
1122 2322 1246 2388 Eorum
1268 2325 1368 2411 igitur
1389 2324 1547 2389 malorum

220 2418 255 2486 in
275 2441 337 2483 uua
360 2420 477 2482 virtute
499 2415 606 2500 posita
627 2415 751 2480 sanatio
773 2426 834 2479 est.
1451 2415 1454 2419 ’

309 2514 410 2577 XVI.
448 2510 533 2595 Quid
561 2522 664 2574 articus
691 2521 742 2574 est
767 2531 830 2575 nou
854 2508 1000 2575 miserius
1022 2512 1142 2589 solum,
1177 2514 1234 2578 sed
1255 2512 1380 2578 foedius
1401 2511 1494 2576 etiam
1517 2523 1558 2574 et.

223 2605 420 2680 deformius,
458 2602 551 2688 quam
575 2603 770 2688 aegritudine
793 2603 863 2687 quis
886 2604 1037 2680 afflictus,
1062 2606 1288 2681 debilitatus¹⁵,
1312 2605 1441 2670 iacens?
1485 2605 1546 2670 Cui

142 2744 145 2755 ·
222 2698 370 2765 miseriae
400 2699 566 2783 proxituus
595 2709 643 2762 est
670 2701 718 2774 is,
755 2697 809 2783 qui
837 2697 1103 2782 appropinquans
1132 2699 1260 2799 aliquod
1281 2700 1394 2764 malum
1416 2702 1543 2776 metuit,

220 2999 255 3052 tt.
275 3012 308 3049 ex
325 3010 389 3048 nea
408 2992 569 3046 collatione.
587 3005 627 3044 so
644 3008 660 3041 e
677 2988 849 3060 scrupulosis
866 2988 894 3043 b.
914 3006 980 3043 cum
1001 2988 1070 3044 cad.
1092 2990 1189 3063 pleriq,
1209 2991 1437 3047 PABSECVML.
1455 2993 1545 3046 Gebh.

223 3080 250 3130 1.
271 3068 429 3125 Delenduut
457 3066 564 3120 Fabrir.
585 3082 613 3119 et
633 3064 803 3137 Oudendorp
828 3063 870 3116 ad
887 3066 989 3138 Appii.
1009 3066 1044 3118 T.
1063 3070 1089 3120 2.
1112 3085 1138 3140 p.
1158 3071 1203 3123 isa.
1222 3081 1261 3120 co
1278 3086 1294 3118 e
1312 3067 1464 3140 scopulosis
1484 3071 1548 3123 iiie-

222 3163 354 3220 ronymus
374 3151 404 3198 in
422 3145 451 3198 lt.
471 3142 491 3196 l.
511 3145 670 3196 imitatione
690 3139 729 3193 aa
746 3140 894 3197 Hellador.
919 3140 972 3212 Ep.
993 3149 1019 3197 1.
1041 3140 1113 3200 011.
1133 3143 1211 3195 Man.
1231 3148 1262 3199 in
1286 3141 1338 3197 Ed.
1359 3160 1462 3218 poster.
1481 3144 1547 3197 Eru.

219 3238 296 3296 susp.
317 3221 418 3275 collato
437 3218 582 3291 scopulosa
601 3213 771 3289 difficilique
790 3217 851 3268 loeo
871 3220 900 3269 ln
921 3216 1024 3269 Caecll.
1044 3220 1068 3287 i.
1088 3220 1134 3278 56.
1335 3254 1339 3267 .

204 3302 211 3379 (
297 3294 334 3371 (¹)
354 3326 390 3338 -
409 3313 465 3349 om.
483 3298 558 3347 satis
575 3291 673 3347 ABSE.
711 3289 750 3365 (²)
768 3313 805 3349 =
822 3296 849 3342 si
866 3310 937 3363 quae
958 3294 990 3345 it.
1009 3292 1046 3346 D.
1083 3294 1123 3366 (3)
1142 3307 1181 3347 co
1199 3300 1228 3345 et
1248 3293 1370 3347 dietum
1389 3292 1458 3350 cod.
1474 3294 1548 3349 Goe-

220 3377 309 3426 reusii
336 3370 447 3425 Acadd.
476 3378 503 3426 2.
531 3388 559 3443 p.
586 3376 613 3428 8.
639 3371 703 3440 ipso
732 3365 812 3440 prob.
833 3365 934 3437 Sioque
955 3366 1033 3421 SED.
1052 3397 1092 3413 -
1114 3374 1149 3419 ut
1166 3368 1233 3420 aliis
1250 3371 1318 3423 loeis
1335 3371 1369 3422 de
1387 3388 1418 3423 v.
1438 3378 1468 3421 et
1486 3370 1546 3425 dle.

220 3450 327 3504 Davisii
355 3464 432 3519 susp.
456 3442 543 3521 (Sane
571 3442 672 3516 duplex
696 3440 771 3496 istud
800 3451 829 3494 et
857 3442 924 3493 aliis
943 3472 962 3485 -
980 3473 1000 3485 -
1017 3452 1047 3493 et
1065 3444 1126 3497 dia.
1147 3444 1253 3498 Davisii
1273 3464 1300 3500 et
1321 3447 1468 3499 Goercnaii
1490 3464 1546 3499 uon

241 3521 338 3594 lucet.)
388 3520 427 3594 (l)
452 3537 491 3575 oo
515 3524 644 3593 quoniam
672 3517 744 3576 Oia.
770 3518 813 3572 Ds
832 3515 887 3571 boc
908 3518 975 3571 alias
994 3518 1157 3572 videbimus.
1208 3520 1247 3594 (⁵)
1265 3550 1303 3565 -
1320 3527 1545 3592 consentiensque

219 3543 288 3657 dtu.
308 3614 383 3670 susp.
422 3594 460 3672 (ὅ)
478 3612 516 3650 ro
535 3599 625 3647 omnm
643 3593 718 3650 Otr.
738 3592 793 3646 CV.
818 3590 865 3719 (7)
884 3622 924 3637 -
942 3599 1019 3645 ratio
1038 3604 1117 3647 recta
1137 3596 1285 3651 altrici.
1312 3596 1349 3671 (⁸)
1370 3598 1418 3651 Sic
1438 3602 1546 3651 tamer.

219 3674 250 3733 G.
272 3675 349 3730 Mau.
370 3676 412 3741 (in
431 3670 482 3725 Ed.
504 3686 576 3743 post.
597 3689 612 3723 e
630 3666 715 3745 Ctdq)
741 3668 816 3722 L.L

220 3747 425 3806 PABSECVM.
447 3745 538 3801 Geth.
556 3754 595 3787 -ὲ
613 3749 778 3797 coartantur
798 3742 831 3797 da
859 3743 948 3799 Bentl.
968 3741 999 3799 Ε.
1018 3746 1052 3798 D.
1072 3753 1341 3817 -progt'gauatur
1364 3750 1450 3801 Boub.
1472 3767 1545 3820 susp.

218 3825 258 3902 (9)
277 3854 315 3870 -
339 3830 407 3876 item
433 3822 505 3878 02¹.
533 3820 684 3874 Pausiae.
712 3817 763 3894 (-
787 3819 862 3871 idem
881 3822 994 3889 antiqui
1013 3821 1151 3895 scripturi
1172 3826 1216 3887 it.)
1267 3822 1318 3896 (¹⁰)
1338 3825 1384 3876 Sic
1406 3824 1435 3874 t..
1458 3828 1486 3875 in
1506 3841 1545 3878 m.
1579 3852 1589 3864 ·

218 3903 302 3963 1581.
318 3898 397 3974 proh.
417 3898 508 3953 Bouh.
527 3895 580 3953 W·
600 3901 627 3950 2.
645 3923 685 3938 -
700 3912 735 3947 ea
754 3893 948 3968 demptaretar
967 3893 1000 3948 ai
1019 3900 1049 3950 tt.
1069 3916 1103 3951 sa
1122 3913 1183 3948 mea
1202 3896 1295 3952 collat.
1316 3901 1385 3952 item
1404 3900 1487 3953 Beru.
1507 3929 1547 3945 .-

215 3977 403 4049 adoptaretur
422 3971 454 4025 td
471 3970 540 4029 Cdd.
561 3971 627 4043 aliq.
645 3967 672 4024 b.
693 3975 723 4023 in
742 3986 833 4042 marg.
850 3973 883 4025 P.
902 3998 936 4014 -
954 3971 1059 4044 adepta
1077 3980 1120 4031 est
1140 3973 1173 4024 id
1190 3974 1423 4029 sBsEcthit.
1436 3975 1506 4029 Lall.
1519 3984 1544 4032 1.

218 4051 273 4183 gi)
293 4080 329 4112 ·,-
340 4048 450 4121 fasrat
469 4066 483 4102 c
503 4046 597 4103 Guell.
615 4047 684 4099 Era.
706 4053 735 4103 1.
778 4047 829 4113 (²²)
858 4049 898 4100 De
917 4047 1008 4100 Beati.
1028 4045 1058 4104 Ε.
1081 4052 1131 4102 Da.
1154 4051 1204 4103 W.
1225 4056 1251 4103 2.
1272 4048 1357 4117 rimi
1388 4055 1433 4109 37.
1453 4065 1479 4103 et
1502 4054 1546 4110 39.

247 4143 257 4182 t
277 4132 317 4180 sio
336 4143 459 4199 semper:
486 4116 591 4194 effisror
609 4121 739 4187 laetitia,
766 4123 858 4189 elatus
876 4122 999 4176 laetitia.
1020 4123 1123 4176 Contra
1145 4123 1226 4179 Tusa.
1246 4131 1279 4188 5,
1299 4128 1323 4193 §.
1344 4132 1389 4181 11.
1400 4122 1544 4195 j'erantur

217 4202 417 4265 ualitudine,
446 4209 498 4252 atet
516 4195 674 4253 iracundia.
700 4210 743 4265 οὒΔ
762 4202 822 4248 tiam
838 4194 945 4267 fertur
974 4199 1129 4251 alacritate
1156 4200 1206 4252 Gr.
1226 4198 1296 4273 (non
1316 4208 1376 4251 tum
1395 4218 1429 4250 ea
1439 4200 1545 4271 feriar

220 4280 384 4340 alacritate,
405 4291 435 4328 ut
455 4280 493 4329 ait
514 4273 624 4334 Gebh.;
645 4272 728 4325 habet
747 4273 778 4325 l..
792 4276 823 4324 in
842 4291 880 4325 tu.
902 4271 997 4347 1581.)
1018 4277 1189 4346 deceperunt
1210 4278 1319 4329 brutus.
1340 4274 1409 4329 lel.
1429 4304 1467 4318 --
1485 4283 1545 4329 tum

210 4352 285 4431 fert
309 4353 460 4405 alacritate
487 4355 518 4405 it.
543 4378 582 4395 -
606 4356 667 4400 tum
685 4344 759 4418 sert
783 4349 965 4400 alacritatem
993 4348 1021 4403 b.
1048 4348 1253 4403 Psassscvui.
1276 4350 1366 4405 Gebh,
1390 4351 1441 4402 tib.
1462 4359 1488 4407 1,
1508 4380 1545 4393 -

201 4439 278 4483 itam
308 4422 430 4498 qffertar
467 4427 617 4478 alacrltate
654 4423 828 4476 coloniensis
867 4423 996 4478 Fabricii.
1034 4453 1071 4468 -·
1105 4433 1167 4478 *trun
1189 4422 1296 4495 fertur
1328 4444 1361 4477 ea
1392 4427 1544 4479 alacritate

217 4508 252 4561 L.
279 4506 359 4562 1566.
405 4501 530 4571 (13)’8ἰο
549 4503 599 4554 W.
627 4503 657 4552 iu
682 4495 735 4567 Ed.
761 4515 817 4553 sec.
844 4498 909 4551 Scit.
938 4506 965 4554 2.
994 4499 1073 4572 prob.
1100 4500 1228 4557 Goercuz
1254 4501 1288 4552 ds
1318 4501 1397 4554 lina.
1427 4521 1454 4574 p·
1482 4507 1552 4561 iiii.

202 4600 258 4625 ⁴-
276 4578 347 4632 nilsil
363 4585 407 4630 est
424 4582 534 4630 constet
552 4578 584 4629 it.
603 4574 631 4627 lt.
650 4600 689 4619 -··
706 4571 780 4625 utltt
795 4592 855 4626 esse
873 4583 984 4627 constet
1002 4577 1207 4631 riost-:cvra
1230 4587 1253 4633 1.
1267 4606 1304 4619 -
1317 4575 1390 4629 asilii
1406 4583 1460 4647 ipsi
1472 4595 1543 4628 con·

218 4665 277 4711 stet
303 4656 333 4708 L.
358 4658 397 4706 od
422 4651 494 4704 nilsil
519 4655 545 4702 ei
572 4657 680 4702 constet
705 4647 738 4701 dc
758 4650 849 4704 Bentl.
869 4648 899 4705 (l.
919 4651 953 4703 D.
975 4650 1044 4704 lel.
1065 4652 1117 4708 W·
1138 4655 1165 4704 iu
1186 4651 1236 4704 Ed.
1258 4671 1298 4725 pr.
1320 4653 1404 4706 Mon:
1422 4681 1462 4695 -
1480 4651 1546 4723 quid

219 4738 294 4801 agat
313 4731 344 4784 R.
365 4729 436 4782 021.
456 4728 493 4781 D.
544 4722 723 4798 (¹i):err.
744 4725 969 4781 arteriasue.
1003 4726 1155 4790 „Trabeae
1177 4734 1279 4782 comici
1300 4730 1367 4783 burc
1386 4728 1478 4781 suut.'’
1498 4728 1544 4793 (de

217 4807 280 4867 fin.
301 4814 335 4870 2,
355 4804 386 4858 C.
408 4808 433 4862 lt.
455 4802 494 4856 aa
510 4802 580 4854 Dio.
601 4807 633 4865 2,
652 4799 765 4935 ilssiW·
785 4799 838 4881 (Η)
858 4802 906 4857 Sic
924 4802 976 4859 Gr.
998 4802 1063 4859 atti.
1084 4805 1116 4860 t,
1137 4810 1165 4866 itt
1185 4820 1224 4861 m.
1247 4808 1327 4869 siai.
1347 4804 1439 4863 Geth.
1459 4803 1543 4881 seqq.
1595 4828 1598 4837 ¹

216 4910 257 4931 .-
274 4881 488 4957 dslllitalusqus
507 4877 669 4935 PsBsEcv
705 4879 736 4933 i.
1188 4932 1190 4945 ,

844 3668 864 3722 l.
887 3678 912 3727 1.
933 3666 984 3723 W.
1007 3677 1033 3726 2.
1053 3699 1092 3715 -
1110 3676 1277 3739 cogitantur
1296 3675 1329 3726 it.
1348 3689 1411 3726 cum
1433 3672 1544 3746 plerisq.
