3384 5359
679 333 771 423 niu,
798 332 843 397 v.
875 331 918 397 c.
941 329 1030 394 aa.
1445 327 1506 394 rat

155 484 261 546 -mta
270 477 295 548 ¹,
319 473 413 557 plura
432 490 553 559 genera
570 472 698 538 effecit'
720 472 994 538 dissentientium³
1011 470 1293 554 philosophorum.
1339 470 1370 535 Ε
1391 469 1506 556 quibus

142 598 148 605 ·
169 588 233 631 uos
254 568 289 631 id
299 568 519 649 ‚potissimum
541 568 726 651 conqecutil
747 590 875 647 sumus,
912 587 977 653 quo
1000 571 1166 632 Socratem
1193 568 1305 631 usum‘
1327 567 1507 631 arbitraba·
1570 632 1572 637 ,

170 662 285 737 mur⁶,
320 671 354 723 ut
375 672 517 725 nostram
534 662 601 744 'ipsi
624 663 812 728 seutentiam
833 675 1034 747 tegeremus,
1067 683 1180 728 errore
1203 661 1283 724 alios
1305 662 1482 726 levaremus
1492 705 1506 737 ‚,

172 768 206 821 et
235 757 266 818 in
296 754 384 821 omni
412 756 646 838 disputatione,
681 758 760 842 quid
792 771 876 822 esset
906 756 1098 822 simillimum
1125 755 1235 829 veri7,
1266 752 1504 841 quaereremus.

172 850 278 933 Quem
307 871 431 923 morem
462 863 557 935 quum
587 851 771 917 Carneades
801 852 981 917 acutissime
1013 852 1300 938 copiosissimeque
1333 851 1503 924 tenuisset,

167 944 305 1008 fecimus
328 958 362 1008 et
382 945 458 1010 alias
479 967 593 1029 saepe,
626 958 659 1010 et
680 968 784 1026 nuper
805 947 836 1011 in
861 948 1066 1023 Tttsculano,
1096 958 1130 1011 ut
1152 949 1281 1009 adeam
1304 946 1506 1010 consuetudi-

170 1059 245 1103 nem
267 1039 512 1122 disputaremus.
564 1042 609 1105 Et
632 1041 793 1127 quatridui
816 1042 942 1127 quidem
967 1063 1148 1109 sermonem
1169 1039 1390 1122 superioribus
1406 1041 1451 1102 ad
1473 1049 1505 1102 te

99 1128 102 1131 ⁵
169 1136 388 1218 perscriptum
416 1135 508 1209 libris
536 1137 697 1201 misimus:
729 1137 841 1222 quinto
865 1150 968 1202 autem
991 1140 1061 1215 die,
1099 1159 1197 1222 quum
1220 1137 1332 1200 eodem
1353 1132 1504 1197 in⁸1oeo

169 1230 446 1308 consedissemus,
470 1230 516 1296 sic
539 1245 587 1296 est
607 1233 837 1315 propositum,
862 1237 902 1297 de
924 1254 991 1316 quo
1013 1233 1267 1314 disputaremus..

156 1330 161 1337 '
257 1326 305 1390 V.
331 1328 383 1390 12.
406 1329 452 1392 A.
476 1329 553 1392 Non
575 1329 659 1392 mihi·
680 1328 824 1404 videtur,
850 1331 890 1390 ad
912 1331 1004 1403 beate
1030 1328 1197 1391 vivendum
1220 1325 1295 1390 satis
1318 1345 1417 1407 posse
1439 1324 1507 1388 vir-

157 1420 310 1485 tutem⁹.
353 1425 409 1487 M.
434 1422 481 1486 At
501 1424 633 1487 hercule
656 1424 761 1491 Bruto
784 1443 856 1487 meo
882 1420 1027 1485 ridetur:
1051 1422 1143 1485 cuius
1166 1442 1228 1506 ego
1243 1420 1405 1494 iudicium,
1428 1440 1507 1503 pace

168 1526 225 1576 tua
248 1514 404 1592 dixerim,
434 1514 535 1601 louge
559 1528 721 1599 antepono
744 1528 816 1580 tuo.
861 1517 908 1580 A.
932 1518 1007 1581 Non
1031 1516 1164 1580 dubito:
1198 1535 1257 1577 uec
1278 1516 1309 1577 id
1332 1536 1415 1577 utmc
1437 1512 1507 1598 agi-

167 1619 242 1686 tur,
280 1621 317 1672 tu
337 1610 426 1674 illum
448 1624 599 1695 quantum
622 1634 726 1687 ames3
748 1614 804 1674 sed
825 1611 888 1672 hoc
897 1612 946 1687 ¹⁰,
971 1612 1060 1696 quod
1083 1610 1158 1672 mihi
1180 1608 1247 1673 dixi
1269 1606 1388 1685 videri,
1412 1607 1507 1691 quale

168 1702 231 1795 sitj
255 1705 293 1764 de
316 1708 415 1786 quo¹¹
440 1728 457 1769 a
481 1719 511 1769 te
534 1707 689 1789 disputari
711 1707 803 1771 volu.
849 1707 904 1787 M.
930 1707 1053 1788 Nempe
1077 1726 1194 1790 negas,
1219 1706 1258 1767 ad
1280 1704 1372 1767 beate
1394 1701 1508 1767 viven-

170 1803 245 1861 dum
268 1802 343 1861 satis
366 1821 463 1880 posse
486 1800 662 1865 virtutem?
683 1804 730 1866 ιΑ.
755 1803 897 1865 Prorsus
912 1821 1012 1884 nego.
1056 1802 1111 1867 M.
1137 1798 1247 1879 Quid?
1269 1799 1421 1872 adnecte,
1445 1795 1506 1858 ho·

169 1903 280 1966 ueste,
305 1893 526 1970 laudabiliter,
551 1908 719 1977 postremo
738 1899 780 1958 ad
801 1896 883 1957 bene
906 1894 1075 1957 vivendum
1097 1893 1216 1958 satisne
1238 1902 1287 1956 est
1309 1889 1459 1974 praesidii
1475 1889 1507 1954 iu
1586 1889 1615 1981 Ἰ

162 1985 315 2049 uirtute?
351 1990 396 2051 A.
432 1987 532 2053 Certe
559 1988 650 2053 satis.
691 1994 747 2056 M.
780 1991 881 2053 Potes
903 1988 1003 2072 igitur
1036 1999 1089 2052 aut
1118 1988 1182 2073 qui¹
1195 1989 1277 2050 male
1299 1987 1407 2061 vivat,
1440 2006 1506 2049 non

128 2126 134 2132 -
168 2102 243 2144 enm
265 2080 413 2144 miserum
437 2083 595 2161 dicere¹²,
634 2093 688 2146 aut
709 2105 803 2169 quem
826 2085 908 2145 bene
929 2083 1069 2160 fateare,
1104 2104 1177 2146 veum
1200 2102 1319 2166 negare
1341 2082 1434 2144 beate
1457 2079 1506 2144 vi·

162 2172 276 2238 rere?
309 2178 353 2239 A.
379 2175 499 2257 Quidni
527 2177 709 2259 possim¹³?
744 2199 814 2241 nam
838 2176 932 2242 etiam
953 2176 984 2239 in
1009 2177 1177 2241 tormentis
1199 2186 1306 2248 recte,
1344 2176 1502 2250 honeste,

168 2266 390 2346 laudabiliter,
415 2283 446 2333 et
468 2273 512 2335 ob
535 2260 604 2334 eam
619 2268 688 2334 reni
702 2274 783 2335 bene
802 2270 870 2335 vivi
884 2281 1012 2354 potest,
1038 2273 1209 2335 dummodo
1228 2269 1412 2355 intelligas,
1431 2270 1507 2353 quid

169 2384 256 2425 nrtnc
278 2363 377 2425 diuam
400 2366 495 2428 bene.
540 2365 625 2429 Dico
647 2367 747 2442 enim,
773 2376 979 2441 constanter,
1006 2364 1169 2449 graviter,
1194 2365 1375 2446 sapienter,
1408 2361 1506 2427 sorti-

166 2469 235 2519 ter.
281 2458 334 2520 13.
358 2460 449 2522 Haec
470 2460 564 2522 etiam
584 2460 614 2523 in
635 2461 805 2544 equuleum
820 2458 1080 2536 coniiciunturll,
1105 2481 1170 2542 quo
1191 2454 1264 2523 vita'
1278 2479 1342 2522 non
1366 2455 1506 2538 adspirat

169 2553 276 2613 beata.
321 2556 377 2618 M.
409 2553 496 2633 Quid
516 2553 641 2639 igitur?
663 2554 773 2617 solane
797 2554 888 2616 beata
914 2555 998 2629 vita,
1029 2575 1170 2638 quaeso,
1200 2552 1392 2638 relinquitur
1413 2562 1505 2614 extra

170 2643 289 2708 ostium
303 2644 462 2732 lituraque
478 2647 636 2723 carceris,
661 2670 757 2733 quum
771 2650 968 2724 constantia,
994 2647 1155 2732 gravitas,
1178 2640 1354 2723 sortitbdo,
1379 2646 1504 2729 sapien-

166 2736 234 2811 tia,
269 2737 473 2824 reliquaeque
484 2742 510 2781 ¹⁵
532 2741 668 2804 virtutes
688 2740 854 2824 rapiantur
875 2744 916 2804 ad
937 2753 1116 2816 tortorem,
1151 2743 1334 2825 nullumque
1356 2751 1506 2803 recusent

167 2850 231 2892 nec
251 2832 456 2913 supplicium,
481 2856 542 2897 nec
564 2834 734 2899 dolorem?
758 2838 804 2900 A.
828 2837 894 2911 Tu,
919 2834 1042 2922 siquid
1065 2836 1136 2905 es¹⁶
1157 2837 1314 2909 lecturus,
1338 2853 1424 2896 nova
1446 2831 1505 2894 ali-

65 2953 80 2964 ·
162 2942 233 3007 qua
263 2925 434 3008 conquiras
468 2939 612 3009 oportet.
674 2930 742 2993 Ista
770 2951 820 2994 me
849 2929 977 2994 minime
1007 2942 1156 3006 movent,
1189 2951 1253 2995 uon
1283 2926 1393 3001 .⁵⁰l¹¹¹¹¹
1430 2925 1504 3004 (luia

162 3019 359 3102 pervulgata
384 3031 475 3097 sunt,
501 3025 558 3085 sed
577 3023 677 3111 multo
700 3024 820 3110 magis,
845 3023 937 3109 quia,
961 3035 1121 3110 tamquam
1148 3023 1230 3119 levig
1253 3022 1406 3107 quaedam
1430 3020 1503 3083 vina

96 3182 104 3187 ⁴
164 3108 249 3173 nihil
271 3113 432 3176 valentin
456 3134 557 3198 aqua,
591 3115 638 3179 sic
666 3112 850 3182 Sttiicorum
872 3119 931 3182 ista
955 3120 1057 3203 magis
1087 3129 1233 3203 gustata,
1272 3135 1367 3199 quam
1393 3118 1504 3194 polilt

162 3206 340 3268 delectant.
386 3209 486 3271 Velut
507 3210 569 3273 iste
591 3212 709 3276 chorus
736 3211 908 3289 virtutum,
932 3211 964 3275 iu
987 3212 1158 3297 equuleum
1181 3208 1365 3293 impositus,
1388 3207 1504 3291 imagi·

166 3319 225 3361 nes
249 3300 415 3364 coustituit
437 3314 508 3365 ante
537 3306 648 3369 oculos
674 3327 746 3369 cum
768 3306 963 3391 ‘amplissima
987 3304 1161 3390 dignitate,
1185 3316 1221 3367 ut
1246 3304 1360 3366 adeas
1386 3303 1503 3363 cursim
1545 3305 1548 3314 '

165 3405 367 3475 perrectura,
392 3418 452 3459 nec
470 3417 522 3460 eas
539 3399 631 3462 beata
646 3399 711 3462 vita
725 3421 742 3462 a
756 3422 789 3464 se
805 3400 945 3464 desertas
953 3399 981 3440 ¹⁷
995 3420 1128 3481 passura
1142 3399 1300 3461 videatur.
1319 3395 1372 3457 lt.
1397 3392 1503 3472 Quum

166 3498 273 3565 autern
289 3488 424 3550 animum
444 3493 485 3552 ab
504 3492 563 3554 ista
585 3493 710 3574 pictura
731 3493 986 3579 imaginibusque
1000 3492 1153 3556 virtutum
1176 3493 1297 3555 adrem
1320 3487 1503 3551 veritatema

73 3608 78 3617 ·
167 3602 232 3664 que
254 3583 456 3658 traduxeris3
489 3586 555 3650 hoc
582 3588 697 3651 nudum
706 3587 734 3627 ¹⁸
753 3586 962 3671 relinquitur,
1001 3585 1144 3670 possitue
1172 3582 1244 3669 quis
1273 3586 1385 3647 beatus
1411 3602 1499 3658 esse,

167 3676 319 3756 quamdiu
340 3688 542 3762 torqueatur.
588 3680 803 3762 Quamobrem
826 3683 890 3746 hoc
912 3704 996 3744 nunc
1016 3701 1205 3767 quaeramus
1214 3678 1261 3742 ¹⁹:
1285 3678 1422 3740 virtutes
1445 3696 1501 3739 atr·

165 3780 242 3845 tem,
256 3771 322 3838 noli
335 3764 453 3851 v‘ereri,
468 3795 508 3837 uc
520 3775 723 3856 expostulent
733 3787 961 3860 etquerantur,
975 3795 1009 3839 se
1024 3797 1043 3837 a
1058 3764 1151 3837 beata
1166 3773 1229 3836 vita
1241 3792 1311 3836 esse
1325 3758 1499 3841 relictas²⁶t
1581 3774 1585 3782 '

244 3944 283 4007 (¹)
304 3973 340 3988 ··
358 3956 533 3999 commata
552 3948 623 4004 le.
644 3948 756 4002 firmans
776 3948 878 4002 malam
891 3951 1045 4022 Etmsusp,
1086 3944 1374 4019 (2)-officitBCV.
1412 3943 1501 4010 (³)-

166 4016 362 4071 dissidentium
387 4023 467 4097 Οότ.ι
510 4023 548 4085 tt)
575 4023 622 4077 stc
644 4025 703 4099 ut)
724 4026 774 4078 or.
794 4023 887 4083 (aneu.
908 4024 958 4079 ua.
979 4041 1034 4078 vu.
1054 4025 1142 4077 noun.
1161 4024 1242 4085 run,
1263 4021 1334 4074 mn.
1356 4028 1381 4078 1.
1399 4019 1453 4075 w.
1473 4022 1501 4074 2.

161 4125 203 4138 “··
223 4100 378 4148 “mmai“
396 4098 579 4155 AttSEcML.
600 4099 692 4155 Gebh.
731 4100 769 4168 (⁵)
787 4129 825 4144 -
844 4106 934 4173 ipsum
953 4119 1032 4152 usum
1051 4097 1128 4153 Letd.
1148 4098 1219 4153 le.
1239 4116 1254 4150 e
1273 4101 1405 4170 geminat.
1420 4092 1501 4163 Ptol),

166 4184 264 4232 tamen
283 4173 373 4225 Βοιώ.
418 4171 464 4242 (⁶),
479 4176 525 4228 Sic
546 4176 577 4234 n.
598 4182 681 4237 (teste
703 4181 736 4231 l).
757 4177 843 4229 Tader
866 4193 925 4229 mea
946 4177 1083 4242 collatio.)
1103 4174 1178 4228 Pith.
1198 4172 1277 4228 SED.
1298 4185 1323 4233 1.
1343 4172 1395 4228 W.
1415 4175 1443 4233 2,
1461 4199 1499 4217 -.

164 4243 342 4299 arbitramur
363 4249 545 4309 Paucum.
566 4250 636 4306 mu.
681 4249 719 4327 (τ)
738 4274 775 4309 =
793 4258 857 4304 vert
875 4254 969 4304 ..t-mm
991 4251 1139 4312 unusne.
1190 4248 1228 4316 (Β)
1248 4277 1284 4292 -
1303 4266 1358 4309 om,
1377 4252 1407 4297 u.
1427 4247 1490 4306 οε.

166 4321 260 4377 Gebb.
282 4332 306 4378 t.
328 4330 353 4379 2.
374 4323 485 4388 Habent
505 4329 535 4380 R.
556 4326 583 4384 b.
623 4325 661 4401 (⁹)
679 4357 719 4373 -
736 4332 832 4385 virtus
851 4300 882 4382 lt
902 4326 932 4384 Ε.
953 4327 1032 4402 prob.
1053 4324 1144 4381 Bentl.
1194 4323 1244 4390 (¹⁰)
1264 4353 1301 4367 -
1321 4321 1378 4375 Sed
1394 4321 1427 4373 de
1447 4319 1499 4371 hoe

166 4397 242 4454 061·
262 4397 327 4455 Alli·
347 4398 401 4452 Pv.
423 4400 514 4457 Gebb.
535 4402 646 4468 Ceteri,
667 4419 697 4458 ut
717 4421 779 4458 nos.
816 4401 870 4479 (¹²)
888 4434 927 4447 -
946 4404 980 4456 de
995 4421 1028 4455 eo
1041 4403 1144 4455 Ellent.
1158 4415 1214 4461 tec.
1228 4404 1257 4452 in
1272 4415 1358 4471 marg,
1371 4397 1498 4455 Auser.

164 4472 235 4528 Ero.
255 4480 281 4531 1.
302 4490 401 4527 contra
422 4477 454 4531 R.
474 4476 501 4529 b.
554 4476 605 4552 (θ)
633 4498 672 4533 =
696 4480 750 4532 dte.
775 4485 838 4535 ntis.
865 4479 1014 4543 Pausssc.
1065 4479 1115 4547 (¹³)
1135 4506 1173 4519 -
1188 4492 1301 4547 possiam
1322 4473 1394 4531 le.
1418 4471 1498 4530 PAB-

165 4548 269 4609 βων·
321 4547 372 4623 (¹⁶)
398 4579 438 4595 ···
462 4560 674 4607 cvmmlllutttur
699 4553 775 4618 Leld,
796 4559 867 4610 mire
887 4554 967 4626 prob.
985 4554 1076 4617 Βοιὼ,
1128 4550 1179 4626 (²⁵)
1197 4565 1235 4603 oe
1253 4549 1374 4619 reliquae
1394 4544 1497 4609 ABSE,

167 4621 219 4692 (¹⁶)
237 4652 276 4669 *¹
296 4642 350 4680 ⁰¹¹¹·
370 4644 400 4676 ³³
417 4627 450 4681 V·
490 4628 540 4703 (¹⁷)
560 4659 599 4673 -
613 4640 736 4704 perrect.
756 4632 840 4683 beata
858 4636 937 4695 vita,
958 4648 1008 4682 rtet
1026 4647 1076 4683 eas
1093 4647 1113 4689 a
1132 4646 1162 4680 se
1181 4625 1309 4682 desertas
1321 4624 1371 4676 Da.
1385 4620 1414 4683 Ε.
1430 4621 1495 4673 Ern.

167 4710 194 4756 ³·
223 4705 251 4753 2·
281 4699 405 4755 Temlfss·
432 4700 483 4758 eff·
509 4706 619 4776 Wopk·
645 4726 672 4780 p·
700 4712 763 4765 105.
814 4705 867 4779 (¹⁸)
883 4735 930 4781 .—
955 4706 1076 4758 nondum
1104 4700 1196 4761 Guell.
1223 4705 1293 4753 mire
1308 4697 1401 4830 ¹gareb.
1430 4695 1496 4760 Ero,

167 4772 220 4847 (¹⁹)
240 4798 278 4819 ⁸*
297 4774 348 4851 '²⁰9
366 4796 422 4829 ΜΠ
441 4798 465 4850 q·
488 4780 542 4843 Au.
562 4781 667 4837 Fabrlc.
689 4783 755 4849 (Hic
774 4779 901 4856 inultus.)
951 4780 1001 4855 (²⁰)
1027 4813 1061 4825 -
1088 4780 1203 4832 relictas
1228 4794 1286 4828 esse
1329 4778 1386 4827 .in
1408 4772 1497 4841 Marg.

166 4854 272 4983 ξεῖ)...
300 4869 355 4924 quo
383 4858 516 4910 vitaretur
540 4859 695 4916 hexametri
722 4865 819 4914 ericus.
860 4856 914 4912 Sed
935 4856 1086 4913 clausulam
1107 4856 1154 4909 hic
1173 4853 1298 4906 nondum
1323 4847 1497 4905 concluserat

173 4944 213 4985 ru
236 4943 289 4979 rna.
