3384 5359
221 307 263 369 tt
328 355 331 360 .
482 304 871 416 'l'USCULANARllM
893 251 1286 376 mst’tt'rurlouum

219 446 409 534 incidisset,¹
437 446 556 510 nullum
593 468 695 531 genus
725 446 875 531 supplicii
907 451 1094 531 deprecatus
1126 459 1196 524 est,
1235 467 1344 531 neque·
1369 450 1555 516 reooserit.

204 541 391 617 'Calenusb
427 543 542 628 1nilus,
577 540 743 605 indoctus²
772 564 809 604 ae
830 545 1006 619 barbarus,
1041 545 1072 605 in
1093 541 1254 604 radicibus
1279 541 1415 606 Caucasi
1436 555 1554 626 nams,

212 656 274 711 ‚sua
296 636 461 698 voluntate
482 635 575 728 pirus
596 637 780 699 combustus
802 646 864 698 est.
923 637 1012 710 Nos,
1050 635 1077 697 si
1098 654 1155 718 pes
1176 634 1362 711 condoluit,
1400 637 1555 713 sidens,

217 731 382 792 sitantum
407 729 521 791 dolore
542 730 697 811 corpus³‚
719 730 806 792 serre
827 729 1095 811 oon'possumns.
1140 727 1325 813 Opinioest
1346 730 1426 793 enim
1448 747 1555 815 quae·

217 826 286 886 dam
317 821 496 904 effeminata
525 843 562 884 ae
590 822 689 898 levis,
727 844 786 888 neo
815 825 847 886 in
870 824 984 888 dolore
1007 823 1126 906 magis,
1164 844 1258 906 quam
1281 826 1411 890 «eadem¹
1431 825 1463 887 io
1486 847 1554 889 vo·

217 919 358 999 luptote:
391 938 452 1002 qna
475 938 572 1000 quum
600 915 803 1001 liquescimus
831 918 1019 1004 fluimusque
1042 917 1205 990 mollitia⁵,
1230 916 1298 998 spis
1319 920 1460 982 aetrleum
1479 920 1553 983 sine

217 1013 359 1076 elamore
381 1012 469 1075 serre
492 1030 555 1072 non
578 1030 761 1091 possumus.
806 1012 860 1075 53.
884 1012 931 1074 At
952 1032 1032 1078 vcro
1055 1009 1096 1074 C.
1120 1011 1263 1086 Marius,
1285 1012 1462 1075 rusticanus
1480 1013 1549 1086 vir,

219 1108 275 1170 sed
295 1106 390 1187 plane
411 1104 484 1178 vir,
516 1123 612 1186 quum
635 1114 816 1180 secaretur,
853 1116 1007 1190 utsupra
1030 1091 1114 1179 diii,
1138 1103 1297 1186 principio
1322 1105 1421 1167 vetuit
1442 1126 1477 1167 se
1499 1105 1550 1168 el·

217 1199 330 1283 ligarit
366 1219 425 1264 nec
452 1196 618 1280 quisquam
649 1208 720 1262 ante
749 1198 890 1262 Marium
920 1198 1043 1264 solutus
1073 1198 1186 1261 dieitur
1212 1219 1280 1263 esse
1303 1211 1447 1276 scotus.»
1476 1198 1550 1263 Cur

219 1314 299 1378 ergo
320 1304 433 1374 postea
456 1289 534 1353 atii?
567 1289 681 1353 Valuit
702 1292 889 1356 auctoritas.
945 1292 1086 1356 Videsne
1107 1292 1224 1376 igitur,
1258 1291 1417 1373 opinionis
1440 1293 1545 1368 essefi,

216 1405 280 1449 non
312 1399 441 1449 natiuae
470 1384 610 1447 malum?
646 1387 691 1452 Et
718 1397 823 1450 temen
851 1387 949 1451 fuisse
982 1407 1086 1450 acrem
1116 1408 1254 1450 morsum
1286 1387 1425 1461 doloris,
1461 1387 1547 1450 idem

217 1478 343 1545 Marius
373 1479 529 1543 ostendit:
565 1487 637 1542 drus
670 1480 751 1546 enim
775 1479 909 1544 alterum
931 1501 996 1545 non
1017 1480 1176 1563 praebuit.
1233 1481 1336 1544 Ita'et
1357 1480 1430 1543 tulit
1451 1482 1547 1546 dolo·
1583 1529 1587 1534 -

219 1596 305 1650 rem,
330 1586 364 1636 ut
387 1572 458 1646 vir;
480 1585 512 1635 et
526 1565 545 1656 ,J
560 1584 595 1636 ut
618 1577 740 1652 bomo,
760 1575 912 1639 maiorem
934 1575 1022 1638 serre
1043 1576 1111 1638 sine
1133 1596 1225 1637 causa
1241 1575 1415 1639 necessaria
1431 1578 1549 1640 noluit.

155 1665 165 1686 ‘
219 1671 337 1731 Totum
360 1666 459 1751 igitur
480 1666 512 1728 in
536 1687 575 1730 eo
597 1680 662 1744 est,
695 1680 729 1731 ut
750 1668 809 1737 tibi
829 1668 981 1749 imperes.
1037 1669 1172 1735 Ostendi
1194 1682 1315 1746 antem,
1350 1673 1438 1752 quod
1459 1686 1547 1735 esset

217 1762 392 1843 imperandi
421 1759 542 1846 genui:
581 1773 674 1846 atque
696 1764 776 1825 haee
797 1762 974 1845 cogitatio,
1011 1762 1087 1845 quid
1108 1759 1277 1845 pallentia,
1315 1766 1391 1848 quid
1411 1765 1570 1830 fortitu·¹

217 1856 300 1931 dine,
319 1854 394 1940 quid
404 1856 618 1941 magnitudine
633 1857 725 1920 animi
740 1856 1044 1939 dignissimumssit,
1062 1878 1126 1920 non
1140 1858 1243 1919 solnm
1254 1855 1389 1920 animum
1405 1859 1552 1940 compri-

217 1950 275 2028 mit
285 1952 310 2026 ⁸,
335 1953 391 2014 sed
412 1950 516 2031 ipsum
538 1951 632 2014 etiam
654 1951 818 2027 dolorem,
843 1950 953 2014 neseio
975 1973 1040 2036 quo
1062 1962 1180 2033 paeto,
1205 1952 1361 2016 mitiorem
1384 1951 1475 2015 facit.

293 2044 435 2107 ·XXllI.
459 2044 512 2108 54.
543 2046 587 2110 Ut
609 2045 689 2107 enim
711 2046 748 2107 lit
768 2044 800 2108 in
822 2044 968 2127 proelio,
1005 2055 1039 2107 ut
1065 2044 1199 2128 ignavus
1223 2046 1311 2107 miles
1341 2065 1379 2108 ac
1401 2046 1552 2132 timidus,

217 2137 311 2202 simul
340 2158 377 2200 ae
406 2137 541 2200 viderit⁹
569 2139 712 2214 hostem,
749 2140 875 2202 abiecto
903 2148 1000 2203 seuto‘
1028 2138 1132 2224 fugiat
1164 2151 1313 2222 quantum
1346 2139 1466 2221 possit,
1504 2142 1550 2203 ob

220 2252 353 2315 eamque
375 2252 500 2294 caussam
523 2245 634 2313 pereat
657 2254 900 2317 nonnunquam,
925 2232 1019 2296 etiam
1040 2233 1167 2316 integro
1190 2254 1351 2313 corpore,
1377 2256 1472 2317 quum
1496 2234 1547 2309 ei,

217 2325 271 2410 qui
301 2325 442 2400 steterit,
475 2326 552 2388 nihil
581 2328 644 2389 tale
674 2326 835 2389 evenerit:
872 2325 937 2403 sie,
968 2326 1024 2411 qui
1057 2325 1180 2389 doloris
1206 2325 1344 2407 speciem
1368 2326 1456 2390 serre
1481 2349 1547 2398 non

216 2430 369 2502 possunt,
395 2418 545 2484 abiiciunt
567 2441 619 2494 se,
651 2432 745 2504 atque
767 2419 809 2483 ita
831 2419 941 2484 afflicti
963 2432 995 2483 et
1018 2418 1184 2484 exanimati
1206 2417 1328 2494 iacent3
1363 2420 1417 2504 qui
1441 2434 1546 2482 mitem
1596 2473 1598 2477 .

164 2557 174 2582 .
215 2514 447 2587 restiterunt¹⁰,
486 2512 648 2584 discedunt
677 2513 860 2595 saepissime
890 2513 1087 2596 superiores.
1143 2515 1260 2576 Sunt¹¹
1290 2514 1370 2577 euim
1393 2519 1547 2596 quaedam

139 2657 142 2668 .
215 2603 308 2670 animi
329 2603 546 2670 similitudines
568 2629 640 2676 cum
672 2628 823 2689 corpore.
879 2607 924 2672 Ut
950 2629 1046 2671 onera
1071 2606 1228 2670 contentis
1252 2607 1443 2688 corporibus
1466 2608 1545 2670 laci·

215 2699 276 2764 lios
304 2699 470 2775 feruntur,
504 2700 679 2766 remissis¹²
710 2702 914 2783 opprimunt:
948 2700 1104 2765 simillime
1134 2699 1455 2766 animusintentione
1489 2722 1547 2764 sua

216 2793 345 2875 depellit
371 2796 550 2874 pressum¹¹
579 2813 702 2858 omnem
732 2798 930 2876 ponderum,
968 2793 1155 2858 remissione
1185 2806 1289 2860 niuem
1319 2794 1366 2857 sio
1388 2808 1543 2879 urgetur,

215 2898 252 2954 ut
272 2908 307 2950 se
322 2873 458 2971 nequeat
473 2886 643 2951 extollere.
667 2887 720 2953 55.
749 2889 810 2960 Et,
835 2887 989 2952 sinerum
1001 2889 1202 2973 quaerimus,
1221 2888 1252 2952 iu
1269 2888 1415 2953 omnibus
1431 2891 1544 2954 officiis

213 2980 440 3065 persequendis
452 2981 476 3021 ¹¹
500 2979 593 3043 animi
616 2990 664 3046 est
686 2980 860 3045 adhibenda
881 2984 1060 3047 contentio.
1106 2984 1157 3047 Ea
1183 2995 1232 3046 est
1253 2982 1323 3066 sola
1345 2981 1441 3052 officii
1460 2995 1549 3058 »tam2

214 3097 309 3160 quam
331 3072 486 3142 cristodia.
533 3075 597 3136 Sed
618 3075 681 3137 boo
702 3074 827 3158 quidem
836 3077 862 3115 '¹⁵
884 3075 914 3139 in
938 3078 1056 3140 dolore
1078 3076 1210 3138 maxime
1233 3086 1281 3138 est
1295 3078 1542 3157 providendum,

203 3190 253 3242 ,oe
277 3167 352 3252 quid
374 3159 513 3241 abiecte,
547 3166 685 3252 nequid
715 3167 843 3245 timide,
876 3190 915 3233 ne
937 3169 1014 3254 quid
1034 3170 1172 3255 ignare,
1208 3189 1246 3231 ne
1267 3167 1345 3252 quid
1365 3170 1542 3246 serviliter',
1587 3237 1600 3260 ο

215 3262 454 3328 muliebriterve
483 3262 652 3327 iaciamus:
688 3261 922 3347 inprimisque
950 3262 1111 3326 refutetur
1137 3284 1174 3325 ac
1194 3263 1354 3330 reiieiatur
1377 3265 1543 3327 Philocte·

173 3357 176 3362 '
214 3356 320 3419 teus¹¹
341 3356 395 3419 ille
414 3357 547 3424 clamor.
591 3355 807 3441 ingemiscere
828 3379 1053 3441 nonnunquam
1069 3358 1142 3425 viro
1157 3379 1343 3422 eoncessum
1359 3370 1425 3434 est,
1449 3360 1543 3444 idque

214 3467 313 3514 raro:
337 3450 470 3514 eiulatus
481 3451 505 3490 ¹⁷
527 3469 566 3512 ne
583 3448 707 3514 mulieri
721 3451 860 3533 quidem.
905 3452 949 3514 Et
960 3451 983 3490 ¹¹
999 3451 1051 3520 liic
1069 3450 1213 3514 nimirum
1229 3464 1276 3515 est
1290 3452 1383 3514 fletus
1395 3452 1430 3528 ¹⁹,
1448 3474 1542 3536 quem

214 3542 380 3609 duodecim
402 3543 527 3612 tabulae
548 3543 581 3605 in
601 3542 765 3608 itineribus
788 3542 932 3608 adbiberi
947 3555 1130 3610 vetuerunt.
1154 3545 1208 3610 56.
1225 3547 1295 3610 Nee
1309 3565 1388 3610 voro
1405 3567 1542 3633 unquam

129 3691 131 3696 ’
220 3681 1542 3720 *mm

428 3735 440 3766 t

287 3813 326 3880 (¹)
350 3841 391 3854 -
415 3810 536 3869 Calenus
559 3810 627 3866 lirn.
655 3822 681 3866 t.
709 3828 762 3864 err.
782 3827 891 3884 typogr.
940 3809 978 3887 (Ξ)
997 3840 1033 3854 -
1052 3810 1182 3865 indoctus
1199 3817 1247 3865 vir
1269 3816 1301 3870 D.
1323 3820 1352 3870 tn
1371 3815 1421 3874 Ed.
1442 3821 1542 3890 prima.
1588 3809 1592 3820 ’

81 3899 87 3908 ’
213 3887 305 3960 (prob.
324 3887 405 3951 Ero.)
425 3887 538 3959 Blpont.
577 3884 614 3960 (³)
636 3885 683 3938 Sic
704 3887 759 3939 l’nl
782 3904 836 3940 see.
856 3885 949 3942 Guett
969 3890 1006 3947 D.
1026 3896 1050 3945 t.
1070 3889 1121 3945 W·
1142 3892 1169 3945 2.
1187 3917 1227 3932 —
1244 3889 1362 3963 sedfae
1382 3901 1470 3947 totum
1485 3893 1547 3945 do-·

129 3963 134 3969 ’
211 3964 268 4016 tm
286 3982 310 4019 c.
333 3965 362 4017 R.
384 3961 453 4016 Cdo.
480 3963 577 4036 pleriq.
604 3961 828 4016 PABSECVML.
855 3961 945 4016 (jebb.
973 3963 1041 4017 lsll.
1090 3961 1127 4035 (¹)
1152 3991 1190 4005 —
1208 3979 1267 4019 om.
1285 3968 1382 4020 eadem
1401 3969 1433 4024 L.
1470 3969 1543 4022 ltem

211 4056 273 4092 cnm
295 4035 387 4093 Guell.
406 4031 471 4092 liro.
494 4047 517 4095 t.
539 4035 607 4090 vute
628 4037 737 4090 Nissen.
783 4035 822 4107 (⁵)
841 4065 881 4082 -·
899 4039 1019 4102 „usum
1039 4038 1134 4094 »besse
1160 4041 1308 4104 mollrttp.”
1332 4043 1399 4095 Ern.
1447 4041 1484 4117 (⁶)
1504 4062 1545 4099 z..-

164 4103 167 4116 ⁴
211 4131 271 4164 essa
289 4118 362 4185 opln.
383 4113 556 4167 PaBSEcv.
595 4111 632 4180 (⁷)
653 4111 698 4163 Sic
719 4113 751 4165 R.
772 4112 821 4165 Gr.
835 4113 897 4165 mC.
912 4114 943 4170 V.
958 4113 1048 4167 Gebb.
1063 4111 1324 4184 &supp-dignensi
1337 4118 1543 4174 PABSELML,

211 4188 249 4261 (t)
269 4219 303 4231 ..
322 4192 484 4259 comprimet
504 4187 594 4242 Gobii.
613 4216 652 4233 η
671 4190 812 4257 componit¹
828 4186 863 4239 D.
885 4204 958 4259 susp.
980 4218 1015 4229 -
1034 4190 1187 4260 confirmat
1206 4191 1293 4244 Bentl.
1318 4211 1391 4266 susp.
1439 4193 1452 4267 (
1465 4191 1478 4267 )
1504 4223 1543 4238 -

209 4263 294 4316 simu!
310 4272 341 4315 ut
358 4282 387 4316 v.
408 4263 480 4322 011.
500 4292 537 4304 -
556 4262 641 4316 rinnel
656 4263 716 4315 vid.
739 4264 770 4316 A.
789 4286 828 4304 ·-
846 4267 894 4334 qui
913 4264 998 4320 simul
1013 4281 1047 4315 ac
1065 4284 1095 4318 o.
1115 4296 1133 4308 -
1153 4296 1172 4308 -
1192 4266 1227 4317 ob
1245 4284 1308 4318 sam
1332 4286 1355 4322 c.
1377 4270 1426 4321 Da.
1453 4298 1493 4313 -
1516 4275 1544 4322 st

208 4339 294 4392 simul
309 4357 343 4391 ao
361 4357 390 4391 ν.
405 4369 423 4384 -
437 4370 456 4384 -
469 4338 503 4390 ob
516 4355 577 4388 eam
597 4355 620 4389 c.
643 4336 697 4390 nb.
717 4333 747 4391 Ε.
768 4337 814 4403 (ob
827 4356 888 4395 sam
902 4356 925 4391 c.
940 4341 973 4395 l).
991 4339 1069 4403 affert
1090 4359 1103 4391 e
1126 4342 1158 4393 R.
1178 4358 1205 4394 et
1223 4342 1312 4412 Pitb.)
1339 4344 1389 4411 (¹⁰)
1402 4374 1440 4386 -
1452 4351 1542 4398 resti-

210 4420 298 4469 terim
322 4413 394 4470 021.
420 4415 452 4468 V.
479 4412 573 4487 (prob.
598 4411 701 4487 llontl.)
728 4409 799 4468 tull)
849 4411 901 4487 (¹¹)
922 4441 961 4457 -
986 4412 1025 4465 Et
1044 4423 1109 4468 sunt
1130 4415 1160 4467 L.
1212 4414 1262 4492 (¹2)
1283 4447 1318 4460 -
1339 4423 1455 4471 remissa
1474 4422 1542 4478 Ern,

209 4508 283 4563 susp.
323 4487 372 4563 (¹³)
391 4506 573 4561 :pressum
593 4487 706 4559 depellit
724 4486 870 4542 Pnsssssc.
890 4517 927 4531 —
948 4491 1056 4560 repellit
1076 4489 1185 4543 volebat
1205 4492 1271 4546 Ero.
1318 4491 1369 4568 (¹¹)
1387 4523 1426 4536 -
1440 4513 1544 4568 perse.

208 4573 319 4639 petentis
339 4568 370 4619 u.
392 4569 440 4619 Gr.
461 4565 533 4623 011.
555 4567 627 4615 mire
648 4562 726 4635 prob.
746 4563 844 4617 Bruto.
885 4563 935 4629 (¹⁵)
955 4565 1084 4618 sordem
1104 4568 1135 4621 R.
1156 4566 1228 4622 071.
1250 4569 1300 4623 Da.
1332 4568 1451 4635 (15)-
1470 4570 1543 4622 Pht.

209 4646 362 4697 loetstaeus
387 4641 477 4694 Gebb.
505 4637 575 4692 Lnll.
599 4647 624 4695 1.
645 4644 671 4694 2.
691 4645 742 4707 (-
760 4637 924 4691 Philonem
943 4637 1106 4714 PABSEL'.)
1155 4640 1263 4716 (17)-
1281 4646 1387 4695 stidore
1407 4646 1436 4698 L.
1457 4647 1542 4702 solus.

210 4718 262 4794 (ts)
287 4748 326 4762 .-
351 4733 408 4769 om.
434 4723 462 4768 et
487 4716 541 4772 W·
562 4717 655 4767 trclte.
704 4712 756 4784 (¹⁹)
776 4729 813 4766 ω
832 4715 919 4768 lessus
938 4715 1008 4772 Cdd.
1028 4716 1112 4787 aliq..
1131 4722 1155 4770 ri
1175 4716 1240 4770 fides
1263 4720 1375 4786 Mureto
1396 4722 1433 4775 V.
1453 4721 1485 4775 L.
1505 4725 1543 4787 9.

209 4800 255 4855 49.
291 4792 468 4864 deceperunt
496 4791 531 4846 1).
558 4788 628 4845 [ΛΠ.
658 4800 703 4856 103
735 4787 834 4863 probat
860 4794 981 4860 Dirkten
1009 4791 1070 4845 XII
1092 4790 1163 4864 Tof.
1191 4812 1218 4867 p.
1248 4785 1314 4854 6692
1339 4794 1390 4850 cfr.
1413 4789 1542 4855 Goereua

209 4871 300 4940 less·
321 4888 348 4943 r·
369 4869 432 4927 196·
819 4907 822 4916 ·
