<?xml version="1.0" encoding="UTF-8"?>
<!DOCTYPE html PUBLIC "-//W3C//DTD XHTML 1.0 Transitional//EN"
    "http://www.w3.org/TR/xhtml1/DTD/xhtml1-transitional.dtd">
<html xmlns="http://www.w3.org/1999/xhtml" xml:lang="en" lang="en">
 <head>
  <title>
</title>
<meta http-equiv="Content-Type" content="text/html;charset=utf-8" />
  <meta name='ocr-system' content='tesseract 3.04.00' />
  <meta name='ocr-capabilities' content='ocr_page ocr_carea ocr_par ocr_line ocrx_word'/>
</head>
<body>
  <div class='ocr_page' id='page_1' title='image "./mtulliiciceroni00wolfgoog_0262.png"; bbox 0 0 3384 5359; ppageno 0'>
   <div class='ocr_carea' id='block_1_1' title="bbox 243 288 1132 393">
    <p class='ocr_par' dir='ltr' id='par_1_1' title="bbox 243 288 1132 393">
     <span class='ocr_line' id='line_1_1' title="bbox 243 288 1132 393; baseline -0.001 -37"><span class='ocrx_word' id='word_1_1' title='bbox 243 290 306 357; x_wconf 77' lang='lat' dir='ltr'>aaa</span> <span class='ocrx_word' id='word_1_2' title='bbox 474 368 477 377; x_wconf 12' lang='lat' dir='ltr'>p</span> <span class='ocrx_word' id='word_1_3' title='bbox 670 288 900 393; x_wconf 61' lang='lat' dir='ltr'>annuenti</span> <span class='ocrx_word' id='word_1_4' title='bbox 917 290 1132 356; x_wconf 74' lang='lat' dir='ltr'>nunaut).</span> 
     </span>
    </p>
   </div>
   <div class='ocr_carea' id='block_1_2' title="bbox 132 390 1646 4868">
    <p class='ocr_par' dir='ltr' id='par_1_2' title="bbox 238 390 1646 811">
     <span class='ocr_line' id='line_1_2' title="bbox 968 390 1646 422; baseline -0.013 0"><span class='ocrx_word' id='word_1_5' title='bbox 968 390 979 422; x_wconf 77' lang='grc' dir='ltr'>Ι</span> <span class='ocrx_word' id='word_1_6' title='bbox 1449 410 1453 415; x_wconf 84' lang='grc'><strong>.</strong></span> <span class='ocrx_word' id='word_1_7' title='bbox 1645 398 1646 413; x_wconf 71' lang='lat' dir='ltr'>t</span> 
     </span>
     <span class='ocr_line' id='line_1_3' title="bbox 238 426 1646 508; baseline 0.003 -24"><span class='ocrx_word' id='word_1_8' title='bbox 238 436 327 484; x_wconf 75' lang='lat' dir='ltr'>sirint</span> <span class='ocrx_word' id='word_1_9' title='bbox 347 435 453 504; x_wconf 81' lang='lat' dir='ltr'>pattim</span> <span class='ocrx_word' id='word_1_10' title='bbox 476 428 574 485; x_wconf 85' lang='lat' dir='ltr'>haberi</span> <span class='ocrx_word' id='word_1_11' title='bbox 596 442 646 503; x_wconf 89' lang='lat' dir='ltr'>pro</span> <span class='ocrx_word' id='word_1_12' title='bbox 668 432 786 495; x_wconf 79' lang='lat' dir='ltr'>siveris,</span> <span class='ocrx_word' id='word_1_13' title='bbox 810 434 939 484; x_wconf 65' lang='lat' dir='ltr'>emerint.</span> <span class='ocrx_word' id='word_1_14' title='bbox 971 430 1114 485; x_wconf 68' lang='lat' dir='ltr'>‘Ceterum</span> <span class='ocrx_word' id='word_1_15' title='bbox 1135 435 1167 485; x_wconf 88' lang='lat' dir='ltr'>ln</span> <span class='ocrx_word' id='word_1_16' title='bbox 1190 449 1269 486; x_wconf 80' lang='lat' dir='ltr'>rertu</span> <span class='ocrx_word' id='word_1_17' title='bbox 1294 432 1418 487; x_wconf 73' lang='lat' dir='ltr'>necundo</span> <span class='ocrx_word' id='word_1_18' title='bbox 1440 450 1496 508; x_wconf 83' lang='lat' dir='ltr'>pro</span> <span class='ocrx_word' id='word_1_19' title='bbox 1521 432 1576 488; x_wconf 79' lang='lat' dir='ltr'>uta</span> <span class='ocrx_word' id='word_1_20' title='bbox 1645 426 1646 435; x_wconf 41' lang='lat'>¹</span> 
     </span>
     <span class='ocr_line' id='line_1_4' title="bbox 241 504 1575 581; baseline 0.004 -22"><span class='ocrx_word' id='word_1_21' title='bbox 241 508 296 560; x_wconf 87' lang='lat' dir='ltr'>Per</span> <span class='ocrx_word' id='word_1_22' title='bbox 322 514 430 558; x_wconf 85' lang='lat' dir='ltr'>terram</span> <span class='ocrx_word' id='word_1_23' title='bbox 451 512 545 573; x_wconf 69' lang='lat' dir='ltr'>earne,</span> <span class='ocrx_word' id='word_1_24' title='bbox 567 504 640 576; x_wconf 86' lang='lat' dir='ltr'>quod</span> <span class='ocrx_word' id='word_1_25' title='bbox 663 504 772 561; x_wconf 85' lang='lat' dir='ltr'>codicea</span> <span class='ocrx_word' id='word_1_26' title='bbox 792 509 882 558; x_wconf 86' lang='lat' dir='ltr'>noatri</span> <span class='ocrx_word' id='word_1_27' title='bbox 905 506 1101 580; x_wconf 69' lang='lat' dir='ltr'>compendiose</span> <span class='ocrx_word' id='word_1_28' title='bbox 1121 513 1162 562; x_wconf 84' lang='lat' dir='ltr'>tie</span> <span class='ocrx_word' id='word_1_29' title='bbox 1181 508 1310 563; x_wconf 79' lang='lat' dir='ltr'>exhibent</span> <span class='ocrx_word' id='word_1_30' title='bbox 1327 511 1434 580; x_wconf 84' lang='lat' dir='ltr'>pt&#39;ra‚-</span> <span class='ocrx_word' id='word_1_31' title='bbox 1446 510 1575 581; x_wconf 83' lang='lat' dir='ltr'>literap</span> 
     </span>
     <span class='ocr_line' id='line_1_5' title="bbox 242 579 1576 659; baseline 0.004 -25"><span class='ocrx_word' id='word_1_32' title='bbox 242 581 349 635; x_wconf 88' lang='lat' dir='ltr'>inlerue</span> <span class='ocrx_word' id='word_1_33' title='bbox 376 579 533 648; x_wconf 74' lang='lat' dir='ltr'>decurtata,</span> <span class='ocrx_word' id='word_1_34' title='bbox 561 581 626 653; x_wconf 92' lang='lat' dir='ltr'>quid</span> <span class='ocrx_word' id='word_1_35' title='bbox 653 597 710 633; x_wconf 83' lang='lat' dir='ltr'>tam</span> <span class='ocrx_word' id='word_1_36' title='bbox 737 584 890 653; x_wconf 75' lang='lat' dir='ltr'>proximum</span> <span class='ocrx_word' id='word_1_37' title='bbox 917 598 945 635; x_wconf 91' lang='lat' dir='ltr'>et</span> <span class='ocrx_word' id='word_1_38' title='bbox 970 587 1026 635; x_wconf 86' lang='lat' dir='ltr'>ueri</span> <span class='ocrx_word' id='word_1_39' title='bbox 1050 582 1158 649; x_wconf 75' lang='lat' dir='ltr'>simile,</span> <span class='ocrx_word' id='word_1_40' title='bbox 1183 599 1299 654; x_wconf 75' lang='lat' dir='ltr'>quamn</span> <span class='ocrx_word' id='word_1_41' title='bbox 1322 589 1404 657; x_wconf 73' lang='lat' dir='ltr'>potita</span> <span class='ocrx_word' id='word_1_42' title='bbox 1428 592 1576 659; x_wconf 67' lang='lat' dir='ltr'>scriptum</span> 
     </span>
     <span class='ocr_line' id='line_1_6' title="bbox 243 655 1576 731; baseline 0.003 -21"><span class='ocrx_word' id='word_1_43' title='bbox 243 674 302 710; x_wconf 83' lang='lat' dir='ltr'>erae</span> <span class='ocrx_word' id='word_1_44' title='bbox 325 657 462 721; x_wconf 80' lang='lat' dir='ltr'>TETRA,</span> <span class='ocrx_word' id='word_1_45' title='bbox 490 657 561 728; x_wconf 79' lang='lat' dir='ltr'>quod</span> <span class='ocrx_word' id='word_1_46' title='bbox 585 659 671 709; x_wconf 86' lang='lat' dir='ltr'>taniei</span> <span class='ocrx_word' id='word_1_47' title='bbox 697 659 840 727; x_wconf 71' lang='lat' dir='ltr'>epitheton</span> <span class='ocrx_word' id='word_1_48' title='bbox 862 655 945 728; x_wconf 73' lang='lat' dir='ltr'>longe</span> <span class='ocrx_word' id='word_1_49' title='bbox 965 663 1140 731; x_wconf 83' lang='lat' dir='ltr'>aptieaimurn</span> <span class='ocrx_word' id='word_1_50' title='bbox 1158 674 1223 712; x_wconf 74' lang='lat' dir='ltr'>ean·</span> <span class='ocrx_word' id='word_1_51' title='bbox 1248 661 1410 725; x_wconf 74' lang='lat' dir='ltr'>Lucretiua,</span> <span class='ocrx_word' id='word_1_52' title='bbox 1434 665 1479 730; x_wconf 83' lang='lat'>[5,</span> <span class='ocrx_word' id='word_1_53' title='bbox 1501 666 1576 722; x_wconf 70' lang='lat'>993.</span> 
     </span>
     <span class='ocr_line' id='line_1_7' title="bbox 241 731 1574 811; baseline 0.003 -24"><span class='ocrx_word' id='word_1_54' title='bbox 241 737 275 796; x_wconf 85' lang='lat'>2,</span> <span class='ocrx_word' id='word_1_55' title='bbox 295 731 373 803; x_wconf 69' lang='lat'>4150]</span> <span class='ocrx_word' id='word_1_56' title='bbox 396 735 601 797; x_wconf 69' lang='lat' dir='ltr'>tetrardum,</span> <span class='ocrx_word' id='word_1_57' title='bbox 630 740 708 783; x_wconf 76' lang='lat' dir='ltr'>tetra</span> <span class='ocrx_word' id='word_1_58' title='bbox 727 731 878 783; x_wconf 77' lang='lat' dir='ltr'>cadavera.</span> <span class='ocrx_word' id='word_1_59' title='bbox 916 734 1022 805; x_wconf 80' lang='lat' dir='ltr'>Legere</span> <span class='ocrx_word' id='word_1_60' title='bbox 1045 738 1129 785; x_wconf 86' lang='lat' dir='ltr'>etiam</span> <span class='ocrx_word' id='word_1_61' title='bbox 1153 739 1258 806; x_wconf 78' lang='lat' dir='ltr'>poetic,</span> <span class='ocrx_word' id='word_1_62' title='bbox 1285 736 1393 789; x_wconf 81' lang='lat' dir='ltr'>PUTlll</span> <span class='ocrx_word' id='word_1_63' title='bbox 1412 745 1497 789; x_wconf 78' lang='lat' dir='ltr'>sanie</span> <span class='ocrx_word' id='word_1_64' title='bbox 1519 755 1574 811; x_wconf 76' lang='lat' dir='ltr'>pne</span> 
     </span>
    </p>

    <p class='ocr_par' dir='ltr' id='par_1_3' title="bbox 132 798 1646 3058">
     <span class='ocr_line' id='line_1_8' title="bbox 219 798 1575 882; baseline 0.007 -22"><span class='ocrx_word' id='word_1_65' title='bbox 219 846 222 851; x_wconf 60' lang='grc'><em>»</em></span> <span class='ocrx_word' id='word_1_66' title='bbox 241 812 302 862; x_wconf 78' lang='lat' dir='ltr'>istie</span> <span class='ocrx_word' id='word_1_67' title='bbox 313 825 366 879; x_wconf 87' lang='lat' dir='ltr'>per</span> <span class='ocrx_word' id='word_1_68' title='bbox 378 815 472 868; x_wconf 69' lang='lat' dir='ltr'>tramt</span> <span class='ocrx_word' id='word_1_69' title='bbox 491 807 638 860; x_wconf 73' lang='lat' dir='ltr'>utstatim</span> <span class='ocrx_word' id='word_1_70' title='bbox 652 807 716 858; x_wconf 89' lang='lat' dir='ltr'>loco</span> <span class='ocrx_word' id='word_1_71' title='bbox 729 808 794 858; x_wconf 86' lang='lat' dir='ltr'>huie</span> <span class='ocrx_word' id='word_1_72' title='bbox 808 811 919 877; x_wconf 84' lang='lat' dir='ltr'>gemino</span> <span class='ocrx_word' id='word_1_73' title='bbox 933 806 966 860; x_wconf 92' lang='lat' dir='ltr'>de</span> <span class='ocrx_word' id='word_1_74' title='bbox 981 798 1157 862; x_wconf 79' lang='lat' dir='ltr'>cadauerib&#39;nt</span> <span class='ocrx_word' id='word_1_75' title='bbox 1172 815 1319 882; x_wconf 70' lang='lat' dir='ltr'>proiectis,</span> <span class='ocrx_word' id='word_1_76' title='bbox 1338 810 1424 866; x_wconf 78' lang='lat' dir='ltr'>Theb.</span> <span class='ocrx_word' id='word_1_77' title='bbox 1439 820 1486 880; x_wconf 77' lang='lat'>12,</span> <span class='ocrx_word' id='word_1_78' title='bbox 1502 819 1575 874; x_wconf 83' lang='grc'><strong><em>577.</em></strong></span> 
     </span>
     <span class='ocr_line' id='line_1_9' title="bbox 176 881 1367 959; baseline 0.008 -29"><span class='ocrx_word' id='word_1_79' title='bbox 176 881 179 885; x_wconf 80' lang='grc'><strong>’</strong></span> <span class='ocrx_word' id='word_1_80' title='bbox 468 882 610 951; x_wconf 83' lang='lat' dir='ltr'>Qnanttun</span> <span class='ocrx_word' id='word_1_81' title='bbox 628 886 729 933; x_wconf 78' lang='lat' dir='ltr'>etenim</span> <span class='ocrx_word' id='word_1_82' title='bbox 748 898 891 949; x_wconf 75' lang='lat' dir='ltr'>eriperem</span> <span class='ocrx_word' id='word_1_83' title='bbox 908 885 994 939; x_wconf 78' lang='lat' dir='ltr'>rear?</span> <span class='ocrx_word' id='word_1_84' title='bbox 1012 883 1085 938; x_wconf 83' lang='lat' dir='ltr'>nuda</span> <span class='ocrx_word' id='word_1_85' title='bbox 1103 900 1182 951; x_wconf 78' lang='lat' dir='ltr'>cata,</span> <span class='ocrx_word' id='word_1_86' title='bbox 1204 901 1367 959; x_wconf 82' lang='lat' dir='ltr'>putremque</span> 
     </span>
     <span class='ocr_line' id='line_1_10' title="bbox 468 953 1299 1028; baseline -0.007 -18"><span class='ocrx_word' id='word_1_87' title='bbox 468 959 554 1010; x_wconf 85' lang='lat' dir='ltr'>Urere</span> <span class='ocrx_word' id='word_1_88' title='bbox 569 963 719 1028; x_wconf 83' lang='lat' dir='ltr'>permittat</span> <span class='ocrx_word' id='word_1_89' title='bbox 737 961 852 1010; x_wconf 85' lang='lat' dir='ltr'>saniem.</span> <span class='ocrx_word' id='word_1_90' title='bbox 1295 953 1299 959; x_wconf 58' lang='lat'><strong>⁴</strong></span> 
     </span>
     <span class='ocr_line' id='line_1_11' title="bbox 239 1030 1574 1106; baseline 0.003 -19"><span class='ocrx_word' id='word_1_91' title='bbox 239 1032 296 1088; x_wconf 85' lang='lat' dir='ltr'>Ubi</span> <span class='ocrx_word' id='word_1_92' title='bbox 316 1031 400 1086; x_wconf 84' lang='lat' dir='ltr'>habea</span> <span class='ocrx_word' id='word_1_93' title='bbox 423 1031 504 1105; x_wconf 86' lang='lat' dir='ltr'>plane</span> <span class='ocrx_word' id='word_1_94' title='bbox 522 1034 655 1104; x_wconf 69' lang='lat' dir='ltr'>reliquiar</span> <span class='ocrx_word' id='word_1_95' title='bbox 676 1030 824 1082; x_wconf 79' lang='lat' dir='ltr'>demtdntit</span> <span class='ocrx_word' id='word_1_96' title='bbox 844 1030 967 1097; x_wconf 79' lang='lat' dir='ltr'>ossibus,</span> <span class='ocrx_word' id='word_1_97' title='bbox 993 1051 1021 1088; x_wconf 90' lang='lat' dir='ltr'>et</span> <span class='ocrx_word' id='word_1_98' title='bbox 1038 1041 1120 1106; x_wconf 71' lang='lat' dir='ltr'>putri</span> <span class='ocrx_word' id='word_1_99' title='bbox 1136 1040 1216 1087; x_wconf 76' lang='lat' dir='ltr'>sanie</span> <span class='ocrx_word' id='word_1_100' title='bbox 1238 1036 1382 1092; x_wconf 79' lang='lat' dir='ltr'>delibutae.</span> <span class='ocrx_word' id='word_1_101' title='bbox 1422 1035 1477 1091; x_wconf 84' lang='lat' dir='ltr'>Sed</span> <span class='ocrx_word' id='word_1_102' title='bbox 1497 1042 1574 1091; x_wconf 77' lang='lat' dir='ltr'>mla</span> 
     </span>
     <span class='ocr_line' id='line_1_12' title="bbox 242 1104 1573 1181; baseline 0.002 -18"><span class='ocrx_word' id='word_1_103' title='bbox 242 1108 276 1163; x_wconf 88' lang='lat' dir='ltr'>do</span> <span class='ocrx_word' id='word_1_104' title='bbox 297 1108 422 1160; x_wconf 85' lang='lat' dir='ltr'>bonitate</span> <span class='ocrx_word' id='word_1_105' title='bbox 443 1125 584 1162; x_wconf 85' lang='lat' dir='ltr'>veranum:</span> <span class='ocrx_word' id='word_1_106' title='bbox 611 1114 665 1161; x_wconf 91' lang='lat' dir='ltr'>iatn</span> <span class='ocrx_word' id='word_1_107' title='bbox 688 1104 721 1159; x_wconf 89' lang='lat' dir='ltr'>de</span> <span class='ocrx_word' id='word_1_108' title='bbox 743 1123 890 1171; x_wconf 73' lang='lat' dir='ltr'>mererere,</span> <span class='ocrx_word' id='word_1_109' title='bbox 913 1125 962 1162; x_wconf 89' lang='lat' dir='ltr'>cnr</span> <span class='ocrx_word' id='word_1_110' title='bbox 984 1117 1137 1181; x_wconf 78' lang='lat' dir='ltr'>septenarii</span> <span class='ocrx_word' id='word_1_111' title='bbox 1159 1128 1300 1165; x_wconf 82' lang='lat' dir='ltr'>vocentur.</span> <span class='ocrx_word' id='word_1_112' title='bbox 1337 1112 1503 1166; x_wconf 82' lang='lat' dir='ltr'>Tenendum</span> <span class='ocrx_word' id='word_1_113' title='bbox 1528 1131 1573 1166; x_wconf 86' lang='lat' dir='ltr'>eat</span> 
     </span>
     <span class='ocr_line' id='line_1_13' title="bbox 242 1182 1573 1260; baseline 0.004 -23"><span class='ocrx_word' id='word_1_114' title='bbox 242 1189 343 1258; x_wconf 77' lang='lat' dir='ltr'>igitur,</span> <span class='ocrx_word' id='word_1_115' title='bbox 375 1182 514 1255; x_wconf 78' lang='lat' dir='ltr'>duplicem</span> <span class='ocrx_word' id='word_1_116' title='bbox 538 1184 607 1236; x_wconf 90' lang='lat' dir='ltr'>olim</span> <span class='ocrx_word' id='word_1_117' title='bbox 633 1182 716 1236; x_wconf 78' lang='lat' dir='ltr'>latiare</span> <span class='ocrx_word' id='word_1_118' title='bbox 741 1186 877 1235; x_wconf 84' lang='lat' dir='ltr'>rationem</span> <span class='ocrx_word' id='word_1_119' title='bbox 902 1196 1028 1238; x_wconf 81' lang='lat' dir='ltr'>veranum</span> <span class='ocrx_word' id='word_1_120' title='bbox 1051 1185 1267 1240; x_wconf 87' lang='lat' dir='ltr'>metiendorutn:</span> <span class='ocrx_word' id='word_1_121' title='bbox 1298 1187 1490 1260; x_wconf 78' lang='lat' dir='ltr'>quiproinde</span> <span class='ocrx_word' id='word_1_122' title='bbox 1518 1205 1573 1260; x_wconf 88' lang='lat' dir='ltr'>pro</span> 
     </span>
     <span class='ocr_line' id='line_1_14' title="bbox 242 1256 1574 1337; baseline 0.005 -26"><span class='ocrx_word' id='word_1_123' title='bbox 242 1265 318 1311; x_wconf 84' lang='lat' dir='ltr'>uaria</span> <span class='ocrx_word' id='word_1_124' title='bbox 340 1256 474 1311; x_wconf 88' lang='lat' dir='ltr'>metiendi</span> <span class='ocrx_word' id='word_1_125' title='bbox 497 1263 604 1312; x_wconf 86' lang='lat' dir='ltr'>ratione</span> <span class='ocrx_word' id='word_1_126' title='bbox 624 1263 697 1325; x_wconf 81' lang='lat' dir='ltr'>tatia</span> <span class='ocrx_word' id='word_1_127' title='bbox 718 1262 832 1309; x_wconf 87' lang='lat' dir='ltr'>nomina</span> <span class='ocrx_word' id='word_1_128' title='bbox 851 1263 945 1311; x_wconf 82' lang='lat' dir='ltr'>tortiti</span> <span class='ocrx_word' id='word_1_129' title='bbox 965 1277 1038 1314; x_wconf 87' lang='lat' dir='ltr'>runt.</span> <span class='ocrx_word' id='word_1_130' title='bbox 1077 1264 1132 1329; x_wconf 87' lang='lat' dir='ltr'>Qui</span> <span class='ocrx_word' id='word_1_131' title='bbox 1155 1265 1290 1315; x_wconf 75' lang='lat' dir='ltr'>lamiricoa</span> <span class='ocrx_word' id='word_1_132' title='bbox 1311 1281 1360 1335; x_wconf 88' lang='lat' dir='ltr'>per</span> <span class='ocrx_word' id='word_1_133' title='bbox 1379 1262 1464 1333; x_wconf 77' lang='lat' dir='ltr'>biupa</span> <span class='ocrx_word' id='word_1_134' title='bbox 1484 1262 1574 1337; x_wconf 73' lang='lat' dir='ltr'>pede·</span> 
     </span>
     <span class='ocr_line' id='line_1_15' title="bbox 243 1330 1572 1410; baseline 0.004 -23"><span class='ocrx_word' id='word_1_135' title='bbox 243 1340 300 1388; x_wconf 84' lang='lat' dir='ltr'>rive</span> <span class='ocrx_word' id='word_1_136' title='bbox 328 1332 465 1389; x_wconf 86' lang='lat' dir='ltr'>diiamboa</span> <span class='ocrx_word' id='word_1_137' title='bbox 490 1333 676 1401; x_wconf 83' lang='lat' dir='ltr'>tcandebant,</span> <span class='ocrx_word' id='word_1_138' title='bbox 709 1347 741 1385; x_wconf 92' lang='lat' dir='ltr'>ut</span> <span class='ocrx_word' id='word_1_139' title='bbox 770 1330 829 1385; x_wconf 80' lang='lat' dir='ltr'>iere</span> <span class='ocrx_word' id='word_1_140' title='bbox 851 1334 968 1404; x_wconf 86' lang='lat' dir='ltr'>Graeci,</span> <span class='ocrx_word' id='word_1_141' title='bbox 1000 1336 1176 1410; x_wconf 76' lang='lat' dir='ltr'>appellabant</span> <span class='ocrx_word' id='word_1_142' title='bbox 1198 1337 1371 1390; x_wconf 85' lang='lat' dir='ltr'>Trimetror:</span> <span class='ocrx_word' id='word_1_143' title='bbox 1404 1356 1462 1393; x_wconf 85' lang='lat' dir='ltr'>trea</span> <span class='ocrx_word' id='word_1_144' title='bbox 1492 1343 1572 1394; x_wconf 85' lang='lat' dir='ltr'>euim</span> 
     </span>
     <span class='ocr_line' id='line_1_16' title="bbox 241 1408 553 1475; baseline -0.006 -11"><span class='ocrx_word' id='word_1_145' title='bbox 241 1408 378 1464; x_wconf 86' lang='lat' dir='ltr'>diiambot</span> <span class='ocrx_word' id='word_1_146' title='bbox 399 1413 553 1475; x_wconf 81' lang='lat' dir='ltr'>continent,</span> 
     </span>
     <span class='ocr_line' id='line_1_17' title="bbox 466 1479 1109 1560; baseline 0.003 -23"><span class='ocrx_word' id='word_1_147' title='bbox 466 1486 631 1537; x_wconf 77' lang='lat' dir='ltr'>Amantium</span> <span class='ocrx_word' id='word_1_148' title='bbox 650 1480 720 1560; x_wconf 71' lang='lat' dir='ltr'>ilrae</span> <span class='ocrx_word' id='word_1_149' title='bbox 738 1487 845 1535; x_wconf 79' lang='lat' dir='ltr'>amoris</span> <span class='ocrx_word' id='word_1_150' title='bbox 864 1479 1031 1559; x_wconf 50' lang='lat' dir='ltr'>inltegratt‘o</span> <span class='ocrx_word' id='word_1_151' title='bbox 1049 1497 1109 1540; x_wconf 76' lang='lat' dir='ltr'>este</span> 
     </span>
     <span class='ocr_line' id='line_1_18' title="bbox 173 1556 1570 1633; baseline 0.001 -18"><span class='ocrx_word' id='word_1_152' title='bbox 173 1598 175 1605; x_wconf 87' lang='lat'>·</span> <span class='ocrx_word' id='word_1_153' title='bbox 241 1560 345 1615; x_wconf 81' lang='lat' dir='ltr'>Contra</span> <span class='ocrx_word' id='word_1_154' title='bbox 368 1563 415 1631; x_wconf 89' lang='lat' dir='ltr'>qui</span> <span class='ocrx_word' id='word_1_155' title='bbox 438 1578 486 1630; x_wconf 89' lang='lat' dir='ltr'>per</span> <span class='ocrx_word' id='word_1_156' title='bbox 507 1560 629 1633; x_wconf 76' lang='lat' dir='ltr'>aingnloa</span> <span class='ocrx_word' id='word_1_157' title='bbox 651 1560 733 1633; x_wconf 78' lang='lat' dir='ltr'>perles</span> <span class='ocrx_word' id='word_1_158' title='bbox 758 1556 941 1628; x_wconf 76' lang='lat' dir='ltr'>scandebant,</span> <span class='ocrx_word' id='word_1_159' title='bbox 974 1565 1108 1616; x_wconf 74' lang='lat' dir='ltr'>Senarios</span> <span class='ocrx_word' id='word_1_160' title='bbox 1133 1562 1284 1629; x_wconf 83' lang='lat' dir='ltr'>vocabant,</span> <span class='ocrx_word' id='word_1_161' title='bbox 1319 1577 1348 1616; x_wconf 91' lang='lat' dir='ltr'>ut</span> <span class='ocrx_word' id='word_1_162' title='bbox 1375 1560 1433 1617; x_wconf 79' lang='lat' dir='ltr'>lere</span> <span class='ocrx_word' id='word_1_163' title='bbox 1453 1564 1570 1617; x_wconf 84' lang='lat' dir='ltr'>Latini:</span> 
     </span>
     <span class='ocr_line' id='line_1_19' title="bbox 242 1635 835 1709; baseline -0.005 -21"><span class='ocrx_word' id='word_1_164' title='bbox 242 1652 290 1688; x_wconf 82' lang='lat' dir='ltr'>aex</span> <span class='ocrx_word' id='word_1_165' title='bbox 309 1641 383 1690; x_wconf 88' lang='lat' dir='ltr'>enim</span> <span class='ocrx_word' id='word_1_166' title='bbox 401 1636 540 1709; x_wconf 73' lang='lat' dir='ltr'>simpliter</span> <span class='ocrx_word' id='word_1_167' title='bbox 561 1635 668 1689; x_wconf 79' lang='lat' dir='ltr'>iambos</span> <span class='ocrx_word' id='word_1_168' title='bbox 688 1638 835 1705; x_wconf 87' lang='lat' dir='ltr'>recipiunt,</span> 
     </span>
     <span class='ocr_line' id='line_1_20' title="bbox 467 1705 1131 1789; baseline 0.003 -26"><span class='ocrx_word' id='word_1_169' title='bbox 467 1710 642 1786; x_wconf 69' lang='lat' dir='ltr'>Amnnltium</span> <span class='ocrx_word' id='word_1_170' title='bbox 659 1707 730 1785; x_wconf 70' lang='lat' dir='ltr'>i&#39;rae</span> <span class='ocrx_word' id='word_1_171' title='bbox 748 1708 865 1785; x_wconf 68' lang='lat' dir='ltr'>amulric</span> <span class='ocrx_word' id='word_1_172' title='bbox 882 1705 1060 1789; x_wconf 62' lang='lat' dir='ltr'>initegraltio</span> <span class='ocrx_word' id='word_1_173' title='bbox 1079 1722 1131 1766; x_wconf 81' lang='lat' dir='ltr'>est.</span> 
     </span>
     <span class='ocr_line' id='line_1_21' title="bbox 217 1783 1571 1856; baseline 0.001 -18"><span class='ocrx_word' id='word_1_174' title='bbox 217 1826 222 1838; x_wconf 90' lang='lat'>.</span> <span class='ocrx_word' id='word_1_175' title='bbox 241 1784 347 1841; x_wconf 86' lang='lat' dir='ltr'>Eadem</span> <span class='ocrx_word' id='word_1_176' title='bbox 363 1791 435 1840; x_wconf 86' lang='lat' dir='ltr'>ratio</span> <span class='ocrx_word' id='word_1_177' title='bbox 451 1802 493 1841; x_wconf 84' lang='lat' dir='ltr'>eat</span> <span class='ocrx_word' id='word_1_178' title='bbox 511 1789 729 1841; x_wconf 86' lang='lat' dir='ltr'>trochaicornm:</span> <span class='ocrx_word' id='word_1_179' title='bbox 750 1789 797 1854; x_wconf 90' lang='lat' dir='ltr'>qui</span> <span class='ocrx_word' id='word_1_180' title='bbox 815 1804 864 1856; x_wconf 90' lang='lat' dir='ltr'>per</span> <span class='ocrx_word' id='word_1_181' title='bbox 881 1783 1055 1842; x_wconf 84' lang='lat' dir='ltr'>ditrochaeoa</span> <span class='ocrx_word' id='word_1_182' title='bbox 1073 1787 1272 1855; x_wconf 84' lang='lat' dir='ltr'>metiebantur,</span> <span class='ocrx_word' id='word_1_183' title='bbox 1292 1798 1469 1843; x_wconf 76' lang='lat' dir='ltr'>tetrametror</span> <span class='ocrx_word' id='word_1_184' title='bbox 1486 1802 1571 1841; x_wconf 82' lang='lat' dir='ltr'>voca·</span> 
     </span>
     <span class='ocr_line' id='line_1_22' title="bbox 242 1858 1599 1938; baseline 0.001 -24"><span class='ocrx_word' id='word_1_185' title='bbox 242 1861 311 1917; x_wconf 85' lang='lat' dir='ltr'>bant</span> <span class='ocrx_word' id='word_1_186' title='bbox 327 1862 521 1917; x_wconf 75' lang='lat' dir='ltr'>catalecticos:</span> <span class='ocrx_word' id='word_1_187' title='bbox 541 1867 641 1936; x_wconf 87' lang='lat' dir='ltr'>quippe</span> <span class='ocrx_word' id='word_1_188' title='bbox 659 1863 746 1915; x_wconf 84' lang='lat' dir='ltr'>tribua</span> <span class='ocrx_word' id='word_1_189' title='bbox 762 1858 930 1914; x_wconf 84' lang='lat' dir='ltr'>ditrochaeir</span> <span class='ocrx_word' id='word_1_190' title='bbox 947 1880 1087 1931; x_wconf 83' lang='lat' dir='ltr'>conatant,</span> <span class='ocrx_word' id='word_1_191' title='bbox 1107 1880 1135 1917; x_wconf 87' lang='lat' dir='ltr'>et</span> <span class='ocrx_word' id='word_1_192' title='bbox 1147 1880 1245 1936; x_wconf 85' lang='lat' dir='ltr'>quarto</span> <span class='ocrx_word' id='word_1_193' title='bbox 1258 1881 1312 1918; x_wconf 89' lang='lat' dir='ltr'>una</span> <span class='ocrx_word' id='word_1_194' title='bbox 1324 1862 1431 1938; x_wconf 72' lang='lat' dir='ltr'>syllaba</span> <span class='ocrx_word' id='word_1_195' title='bbox 1445 1868 1568 1929; x_wconf 77' lang='lat' dir='ltr'>minore,</span> <span class='ocrx_word' id='word_1_196' title='bbox 1595 1918 1599 1922; x_wconf 75' lang='grc'><em>,</em></span> 
     </span>
     <span class='ocr_line' id='line_1_23' title="bbox 468 1933 1155 2015; baseline 0.003 -26"><span class='ocrx_word' id='word_1_197' title='bbox 468 1938 557 1990; x_wconf 82' lang='lat' dir='ltr'>Tetra</span> <span class='ocrx_word' id='word_1_198' title='bbox 573 1943 652 1989; x_wconf 79' lang='lat' dir='ltr'>rania</span> <span class='ocrx_word' id='word_1_199' title='bbox 668 1936 674 2013; x_wconf 98' lang='grc' dir='ltr'>Ι</span> <span class='ocrx_word' id='word_1_200' title='bbox 690 1934 826 1989; x_wconf 83' lang='lat' dir='ltr'>delibutas</span> <span class='ocrx_word' id='word_1_201' title='bbox 841 1933 848 2010; x_wconf 91' lang='grc' dir='ltr'>Ι</span> <span class='ocrx_word' id='word_1_202' title='bbox 856 1933 946 2005; x_wconf 86' lang='lat' dir='ltr'>foede</span> <span class='ocrx_word' id='word_1_203' title='bbox 966 1937 1155 2015; x_wconf 71' lang='lat' dir='ltr'>diwxlarier:</span> 
     </span>
     <span class='ocr_line' id='line_1_24' title="bbox 243 2010 1570 2089; baseline 0.002 -23"><span class='ocrx_word' id='word_1_204' title='bbox 243 2030 338 2067; x_wconf 80' lang='lat' dir='ltr'>rurant</span> <span class='ocrx_word' id='word_1_205' title='bbox 361 2018 407 2086; x_wconf 82' lang='lat' dir='ltr'>qni</span> <span class='ocrx_word' id='word_1_206' title='bbox 431 2013 554 2086; x_wconf 81' lang='lat' dir='ltr'>ringulae</span> <span class='ocrx_word' id='word_1_207' title='bbox 584 2014 730 2068; x_wconf 73' lang='lat' dir='ltr'>trochaeos</span> <span class='ocrx_word' id='word_1_208' title='bbox 758 2010 954 2083; x_wconf 84' lang='lat' dir='ltr'>numerabant,</span> <span class='ocrx_word' id='word_1_209' title='bbox 986 2020 1156 2088; x_wconf 85' lang='lat' dir='ltr'>reptenarloa</span> <span class='ocrx_word' id='word_1_210' title='bbox 1179 2013 1316 2089; x_wconf 75' lang='lat' dir='ltr'>appellere</span> <span class='ocrx_word' id='word_1_211' title='bbox 1341 2028 1489 2087; x_wconf 78' lang='lat' dir='ltr'>poterant:</span> <span class='ocrx_word' id='word_1_212' title='bbox 1521 2030 1570 2067; x_wconf 71' lang='lat' dir='ltr'>aaz</span> 
     </span>
     <span class='ocr_line' id='line_1_25' title="bbox 244 2088 1567 2165; baseline 0.001 -24"><span class='ocrx_word' id='word_1_213' title='bbox 244 2094 319 2142; x_wconf 86' lang='lat' dir='ltr'>enim</span> <span class='ocrx_word' id='word_1_214' title='bbox 340 2090 486 2143; x_wconf 70' lang='lat' dir='ltr'>trochaeos</span> <span class='ocrx_word' id='word_1_215' title='bbox 515 2088 571 2164; x_wconf 83' lang='lat' dir='ltr'>(tel</span> <span class='ocrx_word' id='word_1_216' title='bbox 595 2107 646 2162; x_wconf 89' lang='lat' dir='ltr'>pro</span> <span class='ocrx_word' id='word_1_217' title='bbox 672 2091 836 2143; x_wconf 86' lang='lat' dir='ltr'>Latinorum</span> <span class='ocrx_word' id='word_1_218' title='bbox 864 2103 942 2144; x_wconf 87' lang='lat' dir='ltr'>more</span> <span class='ocrx_word' id='word_1_219' title='bbox 967 2088 1103 2165; x_wconf 82' lang='lat' dir='ltr'>apondeor</span> <span class='ocrx_word' id='word_1_220' title='bbox 1131 2105 1178 2144; x_wconf 84' lang='lat' dir='ltr'>ant</span> <span class='ocrx_word' id='word_1_221' title='bbox 1206 2088 1380 2164; x_wconf 83' lang='lat' dir='ltr'>anapaertoa)</span> <span class='ocrx_word' id='word_1_222' title='bbox 1407 2092 1567 2154; x_wconf 72' lang='lat' dir='ltr'>contiueat,</span> 
     </span>
     <span class='ocr_line' id='line_1_26' title="bbox 245 2164 618 2238; baseline -0.003 -20"><span class='ocrx_word' id='word_1_223' title='bbox 245 2179 272 2218; x_wconf 90' lang='lat' dir='ltr'>et</span> <span class='ocrx_word' id='word_1_224' title='bbox 296 2169 446 2238; x_wconf 83' lang='lat' dir='ltr'>aeptimum</span> <span class='ocrx_word' id='word_1_225' title='bbox 468 2164 618 2237; x_wconf 73' lang='lat' dir='ltr'>dactylum,</span> 
     </span>
     <span class='ocr_line' id='line_1_27' title="bbox 132 2237 1201 2317; baseline 0.001 -24"><span class='ocrx_word' id='word_1_226' title='bbox 132 2294 135 2302; x_wconf 75' lang='grc'><strong>,</strong></span> <span class='ocrx_word' id='word_1_227' title='bbox 248 2276 253 2281; x_wconf 92' lang='lat'>-</span> <span class='ocrx_word' id='word_1_228' title='bbox 356 2298 359 2303; x_wconf 64' lang='grc'>,</span> <span class='ocrx_word' id='word_1_229' title='bbox 468 2240 556 2293; x_wconf 89' lang='lat' dir='ltr'>Tetra</span> <span class='ocrx_word' id='word_1_230' title='bbox 572 2238 578 2314; x_wconf 94' lang='grc' dir='ltr'>Ι</span> <span class='ocrx_word' id='word_1_231' title='bbox 593 2245 671 2291; x_wconf 83' lang='lat' dir='ltr'>sanie</span> <span class='ocrx_word' id='word_1_232' title='bbox 686 2237 693 2316; x_wconf 94' lang='grc' dir='ltr'>Ι</span> <span class='ocrx_word' id='word_1_233' title='bbox 708 2238 858 2316; x_wconf 52' lang='lat' dir='ltr'>delibatas</span> <span class='ocrx_word' id='word_1_234' title='bbox 873 2237 879 2315; x_wconf 95' lang='grc' dir='ltr'>Ι</span> <span class='ocrx_word' id='word_1_235' title='bbox 887 2237 979 2311; x_wconf 87' lang='lat' dir='ltr'>foede</span> <span class='ocrx_word' id='word_1_236' title='bbox 995 2237 1001 2316; x_wconf 95' lang='grc' dir='ltr'>Ι</span> <span class='ocrx_word' id='word_1_237' title='bbox 1017 2238 1201 2317; x_wconf 69' lang='grc' dir='ltr'>ᾰὲνεεΙανίεν.</span> 
     </span>
     <span class='ocr_line' id='line_1_28' title="bbox 244 2312 1646 2387; baseline -0.001 -19"><span class='ocrx_word' id='word_1_238' title='bbox 244 2315 319 2387; x_wconf 81' lang='lat' dir='ltr'>Ergo</span> <span class='ocrx_word' id='word_1_239' title='bbox 338 2315 436 2369; x_wconf 88' lang='lat' dir='ltr'>eodem</span> <span class='ocrx_word' id='word_1_240' title='bbox 454 2320 531 2382; x_wconf 87' lang='lat' dir='ltr'>iure,</span> <span class='ocrx_word' id='word_1_241' title='bbox 558 2333 614 2386; x_wconf 88' lang='lat' dir='ltr'>qno</span> <span class='ocrx_word' id='word_1_242' title='bbox 633 2316 770 2371; x_wconf 74' lang='lat' dir='ltr'>iambicos</span> <span class='ocrx_word' id='word_1_243' title='bbox 791 2320 931 2370; x_wconf 71' lang='lat' dir='ltr'>trimetron</span> <span class='ocrx_word' id='word_1_244' title='bbox 952 2320 1043 2370; x_wconf 86' lang='lat' dir='ltr'>Latini</span> <span class='ocrx_word' id='word_1_245' title='bbox 1061 2316 1190 2370; x_wconf 81' lang='lat' dir='ltr'>Senarioa</span> <span class='ocrx_word' id='word_1_246' title='bbox 1209 2315 1358 2378; x_wconf 84' lang='lat' dir='ltr'>vocabant,</span> <span class='ocrx_word' id='word_1_247' title='bbox 1378 2312 1410 2367; x_wconf 84' lang='lat' dir='ltr'>hi</span> <span class='ocrx_word' id='word_1_248' title='bbox 1430 2315 1567 2367; x_wconf 85' lang='lat' dir='ltr'>trochaici</span> <span class='ocrx_word' id='word_1_249' title='bbox 1645 2338 1646 2341; x_wconf 37' lang='lat'>¹</span> 
     </span>
     <span class='ocr_line' id='line_1_29' title="bbox 244 2388 1567 2465; baseline -0.001 -22"><span class='ocrx_word' id='word_1_250' title='bbox 244 2397 399 2445; x_wconf 84' lang='lat' dir='ltr'>tetrametri</span> <span class='ocrx_word' id='word_1_251' title='bbox 416 2391 519 2465; x_wconf 74' lang='lat' dir='ltr'>syllaba</span> <span class='ocrx_word' id='word_1_252' title='bbox 537 2391 693 2444; x_wconf 80' lang='lat' dir='ltr'>deficienter</span> <span class='ocrx_word' id='word_1_253' title='bbox 710 2408 726 2444; x_wconf 88' lang='lat' dir='ltr'>a</span> <span class='ocrx_word' id='word_1_254' title='bbox 742 2394 879 2447; x_wconf 82' lang='lat' dir='ltr'>Cicerone</span> <span class='ocrx_word' id='word_1_255' title='bbox 895 2407 959 2444; x_wconf 86' lang='lat' dir='ltr'>eunt</span> <span class='ocrx_word' id='word_1_256' title='bbox 977 2392 1129 2464; x_wconf 71' lang='lat' dir='ltr'>septenarii</span> <span class='ocrx_word' id='word_1_257' title='bbox 1145 2390 1285 2464; x_wconf 86' lang='lat' dir='ltr'>appellati.</span> <span class='ocrx_word' id='word_1_258' title='bbox 1322 2388 1567 2459; x_wconf 82' lang='lat' dir='ltr'>Quemadmodum</span> 
     </span>
     <span class='ocr_line' id='line_1_30' title="bbox 177 2464 1566 2540; baseline -0.001 -22"><span class='ocrx_word' id='word_1_259' title='bbox 177 2492 179 2495; x_wconf 94' lang='lat'>·</span> <span class='ocrx_word' id='word_1_260' title='bbox 242 2481 270 2518; x_wconf 92' lang='lat' dir='ltr'>et</span> <span class='ocrx_word' id='word_1_261' title='bbox 290 2467 394 2533; x_wconf 90' lang='lat' dir='ltr'>Varro,</span> <span class='ocrx_word' id='word_1_262' title='bbox 420 2483 549 2521; x_wconf 87' lang='lat' dir='ltr'>narrante</span> <span class='ocrx_word' id='word_1_263' title='bbox 568 2465 702 2520; x_wconf 88' lang='lat' dir='ltr'>Diomede</span> <span class='ocrx_word' id='word_1_264' title='bbox 728 2486 755 2540; x_wconf 91' lang='lat' dir='ltr'>p.</span> <span class='ocrx_word' id='word_1_265' title='bbox 779 2471 860 2533; x_wconf 70' lang='lat' dir='ltr'>itit,</span> <span class='ocrx_word' id='word_1_266' title='bbox 893 2485 974 2539; x_wconf 86' lang='lat' dir='ltr'>quent</span> <span class='ocrx_word' id='word_1_267' title='bbox 994 2485 1102 2521; x_wconf 81' lang='lat' dir='ltr'>vertum</span> <span class='ocrx_word' id='word_1_268' title='bbox 1125 2468 1173 2521; x_wconf 85' lang='lat' dir='ltr'>alii</span> <span class='ocrx_word' id='word_1_269' title='bbox 1198 2464 1350 2519; x_wconf 85' lang='lat' dir='ltr'>iambicum</span> <span class='ocrx_word' id='word_1_270' title='bbox 1371 2478 1566 2520; x_wconf 84' lang='lat' dir='ltr'>tetrametrum</span> 
     </span>
     <span class='ocr_line' id='line_1_31' title="bbox 244 2540 1408 2615; baseline -0.001 -22"><span class='ocrx_word' id='word_1_271' title='bbox 244 2541 439 2595; x_wconf 72' lang='lat' dir='ltr'>catalecticum</span> <span class='ocrx_word' id='word_1_272' title='bbox 459 2559 574 2607; x_wconf 84' lang='lat' dir='ltr'>vocant,</span> <span class='ocrx_word' id='word_1_273' title='bbox 600 2546 663 2614; x_wconf 83' lang='lat' dir='ltr'>quia</span> <span class='ocrx_word' id='word_1_274' title='bbox 682 2558 812 2614; x_wconf 85' lang='lat' dir='ltr'>quattuor</span> <span class='ocrx_word' id='word_1_275' title='bbox 830 2540 969 2596; x_wconf 74' lang='lat' dir='ltr'>diiambus</span> <span class='ocrx_word' id='word_1_276' title='bbox 988 2559 1043 2595; x_wconf 83' lang='lat' dir='ltr'>una</span> <span class='ocrx_word' id='word_1_277' title='bbox 1063 2542 1167 2615; x_wconf 79' lang='lat' dir='ltr'>ayllaba</span> <span class='ocrx_word' id='word_1_278' title='bbox 1187 2547 1278 2594; x_wconf 84' lang='lat' dir='ltr'>minua</span> <span class='ocrx_word' id='word_1_279' title='bbox 1299 2545 1408 2614; x_wconf 84' lang='lat' dir='ltr'>recipit,</span> 
     </span>
     <span class='ocr_line' id='line_1_32' title="bbox 468 2614 1330 2693; baseline -0.003 -24"><span class='ocrx_word' id='word_1_280' title='bbox 468 2619 545 2670; x_wconf 82' lang='lat' dir='ltr'>Nam</span> <span class='ocrx_word' id='word_1_281' title='bbox 563 2622 589 2668; x_wconf 82' lang='lat' dir='ltr'>si</span> <span class='ocrx_word' id='word_1_282' title='bbox 606 2618 761 2693; x_wconf 67' lang='lat' dir='ltr'>remitltent</span> <span class='ocrx_word' id='word_1_283' title='bbox 778 2623 917 2690; x_wconf 76' lang='lat' dir='ltr'>prtippiatn</span> <span class='ocrx_word' id='word_1_284' title='bbox 934 2614 940 2693; x_wconf 97' lang='grc' dir='ltr'>Ι</span> <span class='ocrx_word' id='word_1_285' title='bbox 957 2617 1147 2672; x_wconf 77' lang='lat' dir='ltr'>Philttmenam</span> <span class='ocrx_word' id='word_1_286' title='bbox 1162 2615 1168 2692; x_wconf 98' lang='grc' dir='ltr'>Ι</span> <span class='ocrx_word' id='word_1_287' title='bbox 1184 2617 1303 2682; x_wconf 82' lang='lat' dir='ltr'>doloret,</span> <span class='ocrx_word' id='word_1_288' title='bbox 1327 2652 1330 2655; x_wconf 95' lang='lat'>-</span> 
     </span>
     <span class='ocr_line' id='line_1_33' title="bbox 245 2687 1566 2768; baseline -0.002 -25"><span class='ocrx_word' id='word_1_289' title='bbox 245 2689 293 2743; x_wconf 91' lang='lat' dir='ltr'>ille</span> <span class='ocrx_word' id='word_1_290' title='bbox 315 2698 502 2764; x_wconf 85' lang='lat' dir='ltr'>aeptenarinm</span> <span class='ocrx_word' id='word_1_291' title='bbox 522 2691 653 2760; x_wconf 81' lang='lat' dir='ltr'>vocabat,</span> <span class='ocrx_word' id='word_1_292' title='bbox 687 2698 752 2765; x_wconf 83' lang='lat' dir='ltr'>quia</span> <span class='ocrx_word' id='word_1_293' title='bbox 780 2710 827 2747; x_wconf 86' lang='lat' dir='ltr'>tex</span> <span class='ocrx_word' id='word_1_294' title='bbox 849 2693 936 2746; x_wconf 86' lang='lat' dir='ltr'>iambi</span> <span class='ocrx_word' id='word_1_295' title='bbox 959 2694 1098 2768; x_wconf 85' lang='lat' dir='ltr'>aimplicea</span> <span class='ocrx_word' id='word_1_296' title='bbox 1121 2710 1185 2747; x_wconf 84' lang='lat' dir='ltr'>curn</span> <span class='ocrx_word' id='word_1_297' title='bbox 1208 2695 1329 2766; x_wconf 75' lang='lat' dir='ltr'>septimo</span> <span class='ocrx_word' id='word_1_298' title='bbox 1352 2687 1420 2765; x_wconf 87' lang='lat' dir='ltr'>pede</span> <span class='ocrx_word' id='word_1_299' title='bbox 1442 2689 1566 2744; x_wconf 81' lang='lat' dir='ltr'>Baocblo</span> 
     </span>
     <span class='ocr_line' id='line_1_34' title="bbox 245 2769 841 2837; baseline 0.002 -18"><span class='ocrx_word' id='word_1_300' title='bbox 245 2783 356 2820; x_wconf 81' lang='lat' dir='ltr'>vertum</span> <span class='ocrx_word' id='word_1_301' title='bbox 378 2769 540 2837; x_wconf 84' lang='lat' dir='ltr'>conficiunt,</span> <span class='ocrx_word' id='word_1_302' title='bbox 785 2772 787 2777; x_wconf 81' lang='grc'>’</span> <span class='ocrx_word' id='word_1_303' title='bbox 837 2791 841 2794; x_wconf 89' lang='grc'><em>·</em></span> 
     </span>
     <span class='ocr_line' id='line_1_35' title="bbox 356 2837 1339 2919; baseline -0.002 -24"><span class='ocrx_word' id='word_1_304' title='bbox 356 2839 361 2850; x_wconf 75' lang='grc'><strong><em>’</em></strong></span> <span class='ocrx_word' id='word_1_305' title='bbox 447 2886 450 2889; x_wconf 14' lang='grc' dir='ltr'>κ</span> <span class='ocrx_word' id='word_1_306' title='bbox 466 2845 545 2895; x_wconf 86' lang='lat' dir='ltr'>Nam</span> <span class='ocrx_word' id='word_1_307' title='bbox 562 2847 589 2893; x_wconf 82' lang='lat' dir='ltr'>ti</span> <span class='ocrx_word' id='word_1_308' title='bbox 603 2840 610 2918; x_wconf 91' lang='grc' dir='ltr'>Ι</span> <span class='ocrx_word' id='word_1_309' title='bbox 626 2837 779 2918; x_wconf 72' lang='grc' dir='ltr'>νειηίτΙτσιιτ</span> <span class='ocrx_word' id='word_1_310' title='bbox 796 2839 947 2919; x_wconf 71' lang='lat' dir='ltr'>qttiplpiarn</span> <span class='ocrx_word' id='word_1_311' title='bbox 961 2840 968 2919; x_wconf 94' lang='grc' dir='ltr'>Ι</span> <span class='ocrx_word' id='word_1_312' title='bbox 984 2838 1183 2916; x_wconf 74' lang='lat' dir='ltr'>Pittulmmam</span> <span class='ocrx_word' id='word_1_313' title='bbox 1199 2839 1205 2917; x_wconf 94' lang='grc' dir='ltr'>Ι</span> <span class='ocrx_word' id='word_1_314' title='bbox 1221 2841 1339 2893; x_wconf 78' lang='lat' dir='ltr'>doloret.</span> 
     </span>
     <span class='ocr_line' id='line_1_36' title="bbox 244 2916 1566 2992; baseline -0.005 -20"><span class='ocrx_word' id='word_1_315' title='bbox 244 2916 411 2972; x_wconf 84' lang='lat' dir='ltr'>Detinamna</span> <span class='ocrx_word' id='word_1_316' title='bbox 432 2922 516 2992; x_wconf 75' lang='lat' dir='ltr'>igitur</span> <span class='ocrx_word' id='word_1_317' title='bbox 534 2935 618 2991; x_wconf 90' lang='lat' dir='ltr'>porro</span> <span class='ocrx_word' id='word_1_318' title='bbox 637 2916 851 2991; x_wconf 84' lang='lat' dir='ltr'>reprehendere,</span> <span class='ocrx_word' id='word_1_319' title='bbox 876 2917 948 2992; x_wconf 92' lang='lat' dir='ltr'>quod</span> <span class='ocrx_word' id='word_1_320' title='bbox 967 2916 1023 2971; x_wconf 87' lang='lat' dir='ltr'>dno</span> <span class='ocrx_word' id='word_1_321' title='bbox 1042 2918 1124 2982; x_wconf 86' lang='lat' dir='ltr'>talea,</span> <span class='ocrx_word' id='word_1_322' title='bbox 1136 2918 1216 2977; x_wconf 74' lang='lat' dir='ltr'>alter</span> <span class='ocrx_word' id='word_1_323' title='bbox 1235 2919 1420 2970; x_wconf 78' lang='lat' dir='ltr'>Romanorum</span> <span class='ocrx_word' id='word_1_324' title='bbox 1439 2918 1566 2967; x_wconf 83' lang='lat' dir='ltr'>omniunt</span> 
     </span>
     <span class='ocr_line' id='line_1_37' title="bbox 245 2992 1401 3058; baseline -0.003 -13"><span class='ocrx_word' id='word_1_325' title='bbox 245 2992 441 3058; x_wconf 85' lang='lat' dir='ltr'>doctitaimur,</span> <span class='ocrx_word' id='word_1_326' title='bbox 466 2994 535 3047; x_wconf 90' lang='lat' dir='ltr'>alter</span> <span class='ocrx_word' id='word_1_327' title='bbox 557 2993 770 3058; x_wconf 80' lang='lat' dir='ltr'>diaertiatimna,</span> <span class='ocrx_word' id='word_1_328' title='bbox 796 3011 874 3047; x_wconf 89' lang='lat' dir='ltr'>recte</span> <span class='ocrx_word' id='word_1_329' title='bbox 894 3011 920 3048; x_wconf 89' lang='lat' dir='ltr'>et</span> <span class='ocrx_word' id='word_1_330' title='bbox 941 2998 994 3046; x_wconf 89' lang='lat' dir='ltr'>rite</span> <span class='ocrx_word' id='word_1_331' title='bbox 1017 3011 1046 3046; x_wconf 88' lang='lat' dir='ltr'>te</span> <span class='ocrx_word' id='word_1_332' title='bbox 1071 2992 1161 3046; x_wconf 87' lang='lat' dir='ltr'>iacere</span> <span class='ocrx_word' id='word_1_333' title='bbox 1183 2992 1309 3046; x_wconf 86' lang='lat' dir='ltr'>arbitrati</span> <span class='ocrx_word' id='word_1_334' title='bbox 1328 3005 1401 3043; x_wconf 86' lang='lat' dir='ltr'>runt.</span> 
     </span>
    </p>

    <p class='ocr_par' dir='ltr' id='par_1_4' title="bbox 242 3066 1646 3441">
     <span class='ocr_line' id='line_1_38' title="bbox 318 3066 1646 3139; baseline -0.008 -14"><span class='ocrx_word' id='word_1_335' title='bbox 318 3072 398 3125; x_wconf 78' lang='lat' dir='ltr'>Cae.</span> <span class='ocrx_word' id='word_1_336' title='bbox 418 3070 517 3123; x_wconf 83' lang='lat' dir='ltr'>XLIV.</span> <span class='ocrx_word' id='word_1_337' title='bbox 544 3068 703 3120; x_wconf 80' lang='lat' dir='ltr'>Tenendum</span> <span class='ocrx_word' id='word_1_338' title='bbox 723 3076 766 3120; x_wconf 81' lang='lat' dir='ltr'>eat</span> <span class='ocrx_word' id='word_1_339' title='bbox 787 3074 894 3137; x_wconf 71' lang='lat' dir='ltr'>igitur,</span> <span class='ocrx_word' id='word_1_340' title='bbox 920 3068 1158 3120; x_wconf 68' lang='lat' dir='ltr'>arbitrarentur»</span> <span class='ocrx_word' id='word_1_341' title='bbox 1172 3084 1230 3119; x_wconf 82' lang='lat' dir='ltr'>arse</span> <span class='ocrx_word' id='word_1_342' title='bbox 1242 3074 1311 3139; x_wconf 80' lang='lat' dir='ltr'>post</span> <span class='ocrx_word' id='word_1_343' title='bbox 1325 3073 1459 3117; x_wconf 78' lang='lat' dir='ltr'>mortem:</span> <span class='ocrx_word' id='word_1_344' title='bbox 1484 3081 1566 3135; x_wconf 75' lang='lat' dir='ltr'>putent</span> <span class='ocrx_word' id='word_1_345' title='bbox 1645 3066 1646 3073; x_wconf 74' lang='grc'>’</span> 
     </span>
     <span class='ocr_line' id='line_1_39' title="bbox 245 3138 1566 3216; baseline -0.002 -21"><span class='ocrx_word' id='word_1_346' title='bbox 245 3143 325 3197; x_wconf 87' lang='lat' dir='ltr'>multi</span> <span class='ocrx_word' id='word_1_347' title='bbox 348 3149 476 3197; x_wconf 80' lang='lat' dir='ltr'>inimicos</span> <span class='ocrx_word' id='word_1_348' title='bbox 493 3149 579 3197; x_wconf 87' lang='lat' dir='ltr'>etiam</span> <span class='ocrx_word' id='word_1_349' title='bbox 598 3152 723 3195; x_wconf 82' lang='lat' dir='ltr'>mortuos</span> <span class='ocrx_word' id='word_1_350' title='bbox 737 3148 920 3215; x_wconf 77' lang='lat' dir='ltr'>poeniuntur]</span> <span class='ocrx_word' id='word_1_351' title='bbox 947 3145 1010 3198; x_wconf 88' lang='lat' dir='ltr'>Non</span> <span class='ocrx_word' id='word_1_352' title='bbox 1029 3142 1117 3216; x_wconf 90' lang='lat' dir='ltr'>placet</span> <span class='ocrx_word' id='word_1_353' title='bbox 1132 3142 1201 3196; x_wconf 87' lang='lat' dir='ltr'>illud</span> <span class='ocrx_word' id='word_1_354' title='bbox 1219 3143 1316 3194; x_wconf 81' lang='lat' dir='ltr'>multi:</span> <span class='ocrx_word' id='word_1_355' title='bbox 1338 3138 1471 3213; x_wconf 83' lang='lat' dir='ltr'>frigidum</span> <span class='ocrx_word' id='word_1_356' title='bbox 1491 3146 1566 3193; x_wconf 80' lang='lat' dir='ltr'>enim</span> 
     </span>
     <span class='ocr_line' id='line_1_40' title="bbox 243 3215 1567 3293; baseline -0.002 -23"><span class='ocrx_word' id='word_1_357' title='bbox 243 3234 301 3277; x_wconf 76' lang='lat' dir='ltr'>eatt</span> <span class='ocrx_word' id='word_1_358' title='bbox 327 3224 427 3293; x_wconf 89' lang='lat' dir='ltr'>quippe</span> <span class='ocrx_word' id='word_1_359' title='bbox 451 3236 478 3273; x_wconf 90' lang='lat' dir='ltr'>et</span> <span class='ocrx_word' id='word_1_360' title='bbox 501 3235 614 3282; x_wconf 87' lang='lat' dir='ltr'>contra,</span> <span class='ocrx_word' id='word_1_361' title='bbox 638 3219 720 3269; x_wconf 82' lang='lat' dir='ltr'>multi</span> <span class='ocrx_word' id='word_1_362' title='bbox 741 3236 798 3275; x_wconf 89' lang='lat' dir='ltr'>nou</span> <span class='ocrx_word' id='word_1_363' title='bbox 818 3224 943 3274; x_wconf 82' lang='lat' dir='ltr'>eaetinnt</span> <span class='ocrx_word' id='word_1_364' title='bbox 965 3224 995 3272; x_wconf 91' lang='lat' dir='ltr'>iu</span> <span class='ocrx_word' id='word_1_365' title='bbox 1020 3233 1159 3281; x_wconf 86' lang='lat' dir='ltr'>mortuot,</span> <span class='ocrx_word' id='word_1_366' title='bbox 1187 3220 1268 3270; x_wconf 79' lang='lat' dir='ltr'>mralti</span> <span class='ocrx_word' id='word_1_367' title='bbox 1289 3219 1373 3271; x_wconf 89' lang='lat' dir='ltr'>etiam</span> <span class='ocrx_word' id='word_1_368' title='bbox 1398 3215 1479 3268; x_wconf 87' lang='lat' dir='ltr'>inulti</span> <span class='ocrx_word' id='word_1_369' title='bbox 1504 3232 1567 3268; x_wconf 91' lang='lat' dir='ltr'>tno·</span> 
     </span>
     <span class='ocr_line' id='line_1_41' title="bbox 242 3288 1564 3375; baseline 0 -32"><span class='ocrx_word' id='word_1_370' title='bbox 242 3295 362 3346; x_wconf 84' lang='lat' dir='ltr'>riantur.</span> <span class='ocrx_word' id='word_1_371' title='bbox 401 3295 508 3348; x_wconf 70' lang='lat' dir='ltr'>Nonius</span> <span class='ocrx_word' id='word_1_372' title='bbox 526 3311 634 3359; x_wconf 88' lang='lat' dir='ltr'>tamen,</span> <span class='ocrx_word' id='word_1_373' title='bbox 654 3297 710 3347; x_wconf 88' lang='lat' dir='ltr'>niai</span> <span class='ocrx_word' id='word_1_374' title='bbox 727 3293 846 3349; x_wconf 72' lang='lat' dir='ltr'>editores</span> <span class='ocrx_word' id='word_1_375' title='bbox 866 3295 938 3349; x_wconf 86' lang='lat' dir='ltr'>mala</span> <span class='ocrx_word' id='word_1_376' title='bbox 959 3291 1011 3347; x_wconf 89' lang='lat' dir='ltr'>lide</span> <span class='ocrx_word' id='word_1_377' title='bbox 1026 3293 1073 3363; x_wconf 87' lang='lat' dir='ltr'>hic</span> <span class='ocrx_word' id='word_1_378' title='bbox 1093 3309 1192 3365; x_wconf 76' lang='lat' dir='ltr'>agant,</span> <span class='ocrx_word' id='word_1_379' title='bbox 1211 3293 1264 3375; x_wconf 53' lang='lat' dir='ltr'>hit·</span> <span class='ocrx_word' id='word_1_380' title='bbox 1273 3288 1309 3351; x_wconf 81' lang='lat' dir='ltr'>th</span> <span class='ocrx_word' id='word_1_381' title='bbox 1324 3292 1405 3345; x_wconf 78' lang='lat' dir='ltr'>malti</span> <span class='ocrx_word' id='word_1_382' title='bbox 1423 3296 1564 3363; x_wconf 75' lang='lat' dir='ltr'>agnotcitt</span> 
     </span>
     <span class='ocr_line' id='line_1_42' title="bbox 243 3365 1566 3441; baseline -0.002 -20"><span class='ocrx_word' id='word_1_383' title='bbox 243 3371 273 3421; x_wconf 92' lang='lat' dir='ltr'>iu</span> <span class='ocrx_word' id='word_1_384' title='bbox 288 3368 408 3419; x_wconf 78' lang='lat' dir='ltr'>Partitur</span> <span class='ocrx_word' id='word_1_385' title='bbox 432 3386 459 3423; x_wconf 90' lang='lat' dir='ltr'>et</span> <span class='ocrx_word' id='word_1_386' title='bbox 478 3371 659 3423; x_wconf 81' lang='lat' dir='ltr'>Poenirmtnr.</span> <span class='ocrx_word' id='word_1_387' title='bbox 697 3368 834 3440; x_wconf 86' lang='lat' dir='ltr'>Equidem</span> <span class='ocrx_word' id='word_1_388' title='bbox 856 3375 899 3424; x_wconf 85' lang='lat' dir='ltr'>tie</span> <span class='ocrx_word' id='word_1_389' title='bbox 918 3386 934 3422; x_wconf 86' lang='lat' dir='ltr'>a</span> <span class='ocrx_word' id='word_1_390' title='bbox 954 3374 1087 3424; x_wconf 86' lang='lat' dir='ltr'>Cicerone</span> <span class='ocrx_word' id='word_1_391' title='bbox 1105 3366 1261 3441; x_wconf 85' lang='lat' dir='ltr'>proiectum</span> <span class='ocrx_word' id='word_1_392' title='bbox 1281 3371 1427 3419; x_wconf 81' lang='lat' dir='ltr'>exierimot</span> <span class='ocrx_word' id='word_1_393' title='bbox 1452 3365 1566 3418; x_wconf 85' lang='lat' dir='ltr'>Tenen·</span> 
     </span>
    </p>

    <p class='ocr_par' dir='ltr' id='par_1_5' title="bbox 189 3443 1565 4868">
     <span class='ocr_line' id='line_1_43' title="bbox 189 3443 1565 3517; baseline -0.001 -23"><span class='ocrx_word' id='word_1_394' title='bbox 189 3443 208 3503; x_wconf 64' lang='lat' dir='ltr'>Q</span> <span class='ocrx_word' id='word_1_395' title='bbox 244 3443 310 3494; x_wconf 76' lang='lat' dir='ltr'>ditm</span> <span class='ocrx_word' id='word_1_396' title='bbox 325 3452 368 3495; x_wconf 79' lang='lat' dir='ltr'>est</span> <span class='ocrx_word' id='word_1_397' title='bbox 382 3449 488 3512; x_wconf 69' lang='lat' dir='ltr'>igitur,</span> <span class='ocrx_word' id='word_1_398' title='bbox 514 3446 586 3497; x_wconf 78' lang='lat' dir='ltr'>nihil</span> <span class='ocrx_word' id='word_1_399' title='bbox 599 3445 753 3497; x_wconf 81' lang='lat' dir='ltr'>curandum</span> <span class='ocrx_word' id='word_1_400' title='bbox 767 3452 826 3496; x_wconf 77' lang='lat' dir='ltr'>etse</span> <span class='ocrx_word' id='word_1_401' title='bbox 838 3454 905 3517; x_wconf 83' lang='lat' dir='ltr'>port</span> <span class='ocrx_word' id='word_1_402' title='bbox 919 3453 1055 3497; x_wconf 80' lang='lat' dir='ltr'>mortona:</span> <span class='ocrx_word' id='word_1_403' title='bbox 1079 3462 1161 3517; x_wconf 77' lang='lat' dir='ltr'>qutun</span> <span class='ocrx_word' id='word_1_404' title='bbox 1177 3443 1313 3498; x_wconf 83' lang='lat' dir='ltr'>STULTl</span> <span class='ocrx_word' id='word_1_405' title='bbox 1335 3445 1462 3494; x_wconf 78' lang='lat' dir='ltr'>inimicos</span> <span class='ocrx_word' id='word_1_406' title='bbox 1480 3448 1565 3493; x_wconf 71' lang='lat' dir='ltr'>etia·</span> 
     </span>
     <span class='ocr_line' id='line_1_44' title="bbox 243 3514 1389 3592; baseline 0.003 -22"><span class='ocrx_word' id='word_1_407' title='bbox 243 3514 368 3571; x_wconf 72' lang='lat' dir='ltr'>mertuos</span> <span class='ocrx_word' id='word_1_408' title='bbox 382 3526 562 3588; x_wconf 79' lang='lat' dir='ltr'>poeniuntur.</span> <span class='ocrx_word' id='word_1_409' title='bbox 601 3523 654 3573; x_wconf 86' lang='lat' dir='ltr'>llea</span> <span class='ocrx_word' id='word_1_410' title='bbox 673 3526 732 3592; x_wconf 80' lang='lat' dir='ltr'>ipra</span> <span class='ocrx_word' id='word_1_411' title='bbox 751 3520 882 3592; x_wconf 85' lang='lat' dir='ltr'>loquitur.</span> <span class='ocrx_word' id='word_1_412' title='bbox 1383 3558 1389 3567; x_wconf 85' lang='lat'><em>-</em></span> 
     </span>
     <span class='ocr_line' id='line_1_45' title="bbox 299 3592 1168 3669; baseline -0.003 -20"><span class='ocrx_word' id='word_1_413' title='bbox 299 3592 410 3649; x_wconf 76' lang='lat' dir='ltr'>,lbid.</span> <span class='ocrx_word' id='word_1_414' title='bbox 467 3622 623 3636; x_wconf 91' lang='lat'><em>-·-—-</em></span> <span class='ocrx_word' id='word_1_415' title='bbox 644 3596 706 3667; x_wconf 82' lang='lat' dir='ltr'>Ipse</span> <span class='ocrx_word' id='word_1_416' title='bbox 724 3600 838 3648; x_wconf 75' lang='lat' dir='ltr'>summis</span> <span class='ocrx_word' id='word_1_417' title='bbox 853 3603 936 3649; x_wconf 75' lang='lat' dir='ltr'>saxia</span> <span class='ocrx_word' id='word_1_418' title='bbox 947 3592 1034 3669; x_wconf 75' lang='lat' dir='ltr'>fixus</span> <span class='ocrx_word' id='word_1_419' title='bbox 1050 3598 1168 3664; x_wconf 77' lang='lat' dir='ltr'>asperis,</span> 
     </span>
     <span class='ocr_line' id='line_1_46' title="bbox 468 3667 1313 3745; baseline -0.011 -23"><span class='ocrx_word' id='word_1_420' title='bbox 468 3669 667 3736; x_wconf 79' lang='lat' dir='ltr'>Eviaceratua,</span> <span class='ocrx_word' id='word_1_421' title='bbox 688 3671 776 3722; x_wconf 86' lang='lat' dir='ltr'>latere</span> <span class='ocrx_word' id='word_1_422' title='bbox 791 3671 931 3745; x_wconf 71' lang='lat' dir='ltr'>ppndeas,</span> <span class='ocrx_word' id='word_1_423' title='bbox 953 3689 1030 3724; x_wconf 70' lang='lat' dir='ltr'>aare</span> <span class='ocrx_word' id='word_1_424' title='bbox 1048 3686 1188 3742; x_wconf 70' lang='lat' dir='ltr'>epangens</span> <span class='ocrx_word' id='word_1_425' title='bbox 1203 3667 1270 3721; x_wconf 82' lang='lat' dir='ltr'>tado</span> <span class='ocrx_word' id='word_1_426' title='bbox 1309 3706 1313 3713; x_wconf 87' lang='grc'><em>,</em></span> 
     </span>
     <span class='ocr_line' id='line_1_47' title="bbox 413 3747 1023 3815; baseline 0.002 -17"><span class='ocrx_word' id='word_1_427' title='bbox 413 3748 416 3753; x_wconf 83' lang='lat'>&#39;</span> <span class='ocrx_word' id='word_1_428' title='bbox 469 3747 554 3798; x_wconf 85' lang='lat' dir='ltr'>Sanie</span> <span class='ocrx_word' id='word_1_429' title='bbox 572 3754 601 3797; x_wconf 88' lang='lat' dir='ltr'>et</span> <span class='ocrx_word' id='word_1_430' title='bbox 620 3751 758 3814; x_wconf 76' lang='lat' dir='ltr'>tangitine</span> <span class='ocrx_word' id='word_1_431' title='bbox 775 3750 855 3815; x_wconf 81' lang='lat' dir='ltr'>ntro]</span> <span class='ocrx_word' id='word_1_432' title='bbox 1009 3762 1023 3806; x_wconf 77' lang='grc'>·,</span> 
     </span>
     <span class='ocr_line' id='line_1_48' title="bbox 244 3816 1563 3888; baseline -0.002 -14"><span class='ocrx_word' id='word_1_433' title='bbox 244 3822 349 3874; x_wconf 88' lang='lat' dir='ltr'>lterum</span> <span class='ocrx_word' id='word_1_434' title='bbox 371 3835 402 3874; x_wconf 86' lang='lat' dir='ltr'>tu</span> <span class='ocrx_word' id='word_1_435' title='bbox 426 3836 490 3873; x_wconf 87' lang='lat' dir='ltr'>curn</span> <span class='ocrx_word' id='word_1_436' title='bbox 514 3826 573 3873; x_wconf 84' lang='lat' dir='ltr'>viro</span> <span class='ocrx_word' id='word_1_437' title='bbox 592 3838 700 3877; x_wconf 86' lang='lat' dir='ltr'>aummo</span> <span class='ocrx_word' id='word_1_438' title='bbox 722 3821 867 3874; x_wconf 88' lang='lat' dir='ltr'>Gerhardo</span> <span class='ocrx_word' id='word_1_439' title='bbox 883 3826 981 3875; x_wconf 78' lang='lat' dir='ltr'>ventio</span> <span class='ocrx_word' id='word_1_440' title='bbox 1004 3824 1033 3873; x_wconf 91' lang='lat' dir='ltr'>in</span> <span class='ocrx_word' id='word_1_441' title='bbox 1056 3836 1148 3873; x_wconf 89' lang='lat' dir='ltr'>errore</span> <span class='ocrx_word' id='word_1_442' title='bbox 1170 3823 1301 3878; x_wconf 77' lang='lat' dir='ltr'>vereariat</span> <span class='ocrx_word' id='word_1_443' title='bbox 1328 3834 1412 3888; x_wconf 79' lang='lat' dir='ltr'>qnnm</span> <span class='ocrx_word' id='word_1_444' title='bbox 1435 3816 1470 3869; x_wconf 91' lang='lat' dir='ltr'>ad</span> <span class='ocrx_word' id='word_1_445' title='bbox 1489 3820 1563 3872; x_wconf 88' lang='lat' dir='ltr'>lam·</span> 
     </span>
     <span class='ocr_line' id='line_1_49' title="bbox 242 3895 1562 3969; baseline -0.001 -21"><span class='ocrx_word' id='word_1_446' title='bbox 242 3895 323 3949; x_wconf 84' lang='lat' dir='ltr'>bicor</span> <span class='ocrx_word' id='word_1_447' title='bbox 346 3897 515 3950; x_wconf 83' lang='lat' dir='ltr'>Octonarioa</span> <span class='ocrx_word' id='word_1_448' title='bbox 537 3897 662 3949; x_wconf 85' lang='lat' dir='ltr'>Enniana</span> <span class='ocrx_word' id='word_1_449' title='bbox 687 3896 756 3948; x_wconf 88' lang='lat' dir='ltr'>haec</span> <span class='ocrx_word' id='word_1_450' title='bbox 777 3895 870 3949; x_wconf 84' lang='lat' dir='ltr'>ttuder</span> <span class='ocrx_word' id='word_1_451' title='bbox 894 3896 1030 3969; x_wconf 76' lang='lat' dir='ltr'>redigere3</span> <span class='ocrx_word' id='word_1_452' title='bbox 1064 3895 1136 3967; x_wconf 81' lang='lat' dir='ltr'>quod</span> <span class='ocrx_word' id='word_1_453' title='bbox 1161 3910 1246 3966; x_wconf 72' lang='lat' dir='ltr'>genua</span> <span class='ocrx_word' id='word_1_454' title='bbox 1269 3897 1417 3958; x_wconf 85' lang='lat' dir='ltr'>carminia,</span> <span class='ocrx_word' id='word_1_455' title='bbox 1449 3908 1479 3947; x_wconf 83' lang='lat' dir='ltr'>nt</span> <span class='ocrx_word' id='word_1_456' title='bbox 1507 3899 1562 3947; x_wconf 84' lang='lat' dir='ltr'>iam</span> 
     </span>
     <span class='ocr_line' id='line_1_50' title="bbox 243 3966 1562 4044; baseline 0 -22"><span class='ocrx_word' id='word_1_457' title='bbox 243 3970 317 4036; x_wconf 84' lang='lat' dir='ltr'>dixi,</span> <span class='ocrx_word' id='word_1_458' title='bbox 343 3971 449 4025; x_wconf 88' lang='lat' dir='ltr'>nullum</span> <span class='ocrx_word' id='word_1_459' title='bbox 471 3972 531 4043; x_wconf 81' lang='lat' dir='ltr'>[vix</span> <span class='ocrx_word' id='word_1_460' title='bbox 552 3970 638 4024; x_wconf 87' lang='lat' dir='ltr'>ullum</span> <span class='ocrx_word' id='word_1_461' title='bbox 657 3970 748 4023; x_wconf 81' lang='lat' dir='ltr'>Curae</span> <span class='ocrx_word' id='word_1_462' title='bbox 769 3972 837 4043; x_wconf 69' lang='lat' dir='ltr'>sec]</span> <span class='ocrx_word' id='word_1_463' title='bbox 860 3977 889 4024; x_wconf 90' lang='lat' dir='ltr'>ln</span> <span class='ocrx_word' id='word_1_464' title='bbox 908 3971 1059 4044; x_wconf 75' lang='lat' dir='ltr'>Tragoedia</span> <span class='ocrx_word' id='word_1_465' title='bbox 1081 3970 1175 4022; x_wconf 84' lang='lat' dir='ltr'>locunt</span> <span class='ocrx_word' id='word_1_466' title='bbox 1197 3968 1289 4022; x_wconf 86' lang='lat' dir='ltr'>babet.</span> <span class='ocrx_word' id='word_1_467' title='bbox 1328 3966 1473 4025; x_wconf 70' lang='lat' dir='ltr'>Turnebus</span> <span class='ocrx_word' id='word_1_468' title='bbox 1496 3968 1562 4023; x_wconf 87' lang='lat' dir='ltr'>binc</span> 
     </span>
     <span class='ocr_line' id='line_1_51' title="bbox 244 4042 1562 4120; baseline -0.003 -20"><span class='ocrx_word' id='word_1_469' title='bbox 244 4046 415 4100; x_wconf 89' lang='lat' dir='ltr'>Trochaicoa</span> <span class='ocrx_word' id='word_1_470' title='bbox 435 4047 622 4100; x_wconf 85' lang='lat' dir='ltr'>Catalerticoa</span> <span class='ocrx_word' id='word_1_471' title='bbox 645 4046 785 4108; x_wconf 71' lang='lat' dir='ltr'>efformatt</span> <span class='ocrx_word' id='word_1_472' title='bbox 811 4045 981 4120; x_wconf 81' lang='lat' dir='ltr'>probabiliua</span> <span class='ocrx_word' id='word_1_473' title='bbox 1001 4062 1081 4099; x_wconf 79' lang='lat' dir='ltr'>eane:</span> <span class='ocrx_word' id='word_1_474' title='bbox 1103 4042 1151 4098; x_wconf 84' lang='lat' dir='ltr'>aed</span> <span class='ocrx_word' id='word_1_475' title='bbox 1170 4061 1264 4097; x_wconf 86' lang='lat' dir='ltr'>omnea</span> <span class='ocrx_word' id='word_1_476' title='bbox 1284 4059 1368 4114; x_wconf 87' lang='lat' dir='ltr'>aeque</span> <span class='ocrx_word' id='word_1_477' title='bbox 1387 4049 1486 4116; x_wconf 83' lang='lat' dir='ltr'>premit</span> <span class='ocrx_word' id='word_1_478' title='bbox 1508 4058 1562 4098; x_wconf 85' lang='lat' dir='ltr'>una</span> 
     </span>
     <span class='ocr_line' id='line_1_52' title="bbox 243 4119 1562 4194; baseline -0.001 -20"><span class='ocrx_word' id='word_1_479' title='bbox 243 4120 406 4183; x_wconf 57' lang='lat' dir='ltr'>diliculum</span> <span class='ocrx_word' id='word_1_480' title='bbox 430 4121 502 4194; x_wconf 86' lang='lat' dir='ltr'>qnod</span> <span class='ocrx_word' id='word_1_481' title='bbox 523 4136 569 4175; x_wconf 90' lang='lat' dir='ltr'>aut</span> <span class='ocrx_word' id='word_1_482' title='bbox 588 4119 670 4174; x_wconf 80' lang='lat' dir='ltr'>verba</span> <span class='ocrx_word' id='word_1_483' title='bbox 690 4125 750 4194; x_wconf 81' lang='lat' dir='ltr'>ipae</span> <span class='ocrx_word' id='word_1_484' title='bbox 773 4135 820 4176; x_wconf 86' lang='lat' dir='ltr'>ant</span> <span class='ocrx_word' id='word_1_485' title='bbox 842 4121 987 4176; x_wconf 86' lang='lat' dir='ltr'>verborum</span> <span class='ocrx_word' id='word_1_486' title='bbox 1008 4120 1077 4173; x_wconf 90' lang='lat' dir='ltr'>ordo</span> <span class='ocrx_word' id='word_1_487' title='bbox 1097 4124 1214 4174; x_wconf 86' lang='lat' dir='ltr'>nimium</span> <span class='ocrx_word' id='word_1_488' title='bbox 1237 4134 1370 4190; x_wconf 86' lang='lat' dir='ltr'>quantum</span> <span class='ocrx_word' id='word_1_489' title='bbox 1389 4123 1562 4174; x_wconf 85' lang='lat' dir='ltr'>immutetur.</span> 
     </span>
     <span class='ocr_line' id='line_1_53' title="bbox 242 4197 1320 4270; baseline -0.005 -18"><span class='ocrx_word' id='word_1_490' title='bbox 242 4198 301 4252; x_wconf 83' lang='lat' dir='ltr'>Nor</span> <span class='ocrx_word' id='word_1_491' title='bbox 321 4215 411 4270; x_wconf 85' lang='lat' dir='ltr'>neque</span> <span class='ocrx_word' id='word_1_492' title='bbox 431 4215 530 4252; x_wconf 86' lang='lat' dir='ltr'>tecum</span> <span class='ocrx_word' id='word_1_493' title='bbox 549 4202 636 4261; x_wconf 77' lang='lat' dir='ltr'>cerie,</span> <span class='ocrx_word' id='word_1_494' title='bbox 660 4214 749 4268; x_wconf 84' lang='lat' dir='ltr'>neque</span> <span class='ocrx_word' id='word_1_495' title='bbox 767 4213 822 4249; x_wconf 86' lang='lat' dir='ltr'>una</span> <span class='ocrx_word' id='word_1_496' title='bbox 840 4197 951 4251; x_wconf 86' lang='lat' dir='ltr'>literula</span> <span class='ocrx_word' id='word_1_497' title='bbox 970 4201 1074 4250; x_wconf 83' lang='lat' dir='ltr'>variata</span> <span class='ocrx_word' id='word_1_498' title='bbox 1093 4200 1135 4249; x_wconf 82' lang='lat' dir='ltr'>aie</span> <span class='ocrx_word' id='word_1_499' title='bbox 1154 4199 1320 4268; x_wconf 84' lang='lat' dir='ltr'>reponimnt;</span> 
     </span>
     <span class='ocr_line' id='line_1_54' title="bbox 466 4269 1255 4348; baseline -0.004 -24"><span class='ocrx_word' id='word_1_500' title='bbox 466 4274 530 4342; x_wconf 83' lang='lat' dir='ltr'>lpse</span> <span class='ocrx_word' id='word_1_501' title='bbox 548 4277 661 4324; x_wconf 80' lang='lat' dir='ltr'>summit</span> <span class='ocrx_word' id='word_1_502' title='bbox 677 4269 683 4347; x_wconf 95' lang='grc' dir='ltr'>Ι</span> <span class='ocrx_word' id='word_1_503' title='bbox 698 4278 779 4322; x_wconf 77' lang='lat' dir='ltr'>seete</span> <span class='ocrx_word' id='word_1_504' title='bbox 793 4269 879 4344; x_wconf 71' lang='lat' dir='ltr'>fiens</span> <span class='ocrx_word' id='word_1_505' title='bbox 893 4270 900 4348; x_wconf 92' lang='grc' dir='ltr'>Ι</span> <span class='ocrx_word' id='word_1_506' title='bbox 915 4276 1039 4344; x_wconf 77' lang='lat' dir='ltr'>asperia,</span> <span class='ocrx_word' id='word_1_507' title='bbox 1063 4271 1255 4347; x_wconf 72' lang='lat' dir='ltr'>eluiaceratua,</span> 
     </span>
     <span class='ocr_line' id='line_1_55' title="bbox 468 4342 1514 4423; baseline -0.004 -23"><span class='ocrx_word' id='word_1_508' title='bbox 468 4349 572 4401; x_wconf 79' lang='lat' dir='ltr'>Latere</span> <span class='ocrx_word' id='word_1_509' title='bbox 588 4347 709 4419; x_wconf 82' lang='lat' dir='ltr'>pendens</span> <span class='ocrx_word' id='word_1_510' title='bbox 725 4344 731 4423; x_wconf 96' lang='grc' dir='ltr'>Ι</span> <span class='ocrx_word' id='word_1_511' title='bbox 746 4364 821 4398; x_wconf 75' lang='lat' dir='ltr'>easta</span> <span class='ocrx_word' id='word_1_512' title='bbox 839 4350 978 4419; x_wconf 71' lang='lat' dir='ltr'>spat-pens</span> <span class='ocrx_word' id='word_1_513' title='bbox 992 4346 999 4423; x_wconf 93' lang='grc' dir='ltr'>Ι</span> <span class='ocrx_word' id='word_1_514' title='bbox 1015 4347 1097 4409; x_wconf 78' lang='lat' dir='ltr'>tado,</span> <span class='ocrx_word' id='word_1_515' title='bbox 1117 4350 1195 4401; x_wconf 72' lang='lat' dir='ltr'>sanie</span> <span class='ocrx_word' id='word_1_516' title='bbox 1213 4354 1243 4397; x_wconf 89' lang='lat' dir='ltr'>et</span> <span class='ocrx_word' id='word_1_517' title='bbox 1258 4342 1265 4420; x_wconf 92' lang='grc' dir='ltr'>Ι</span> <span class='ocrx_word' id='word_1_518' title='bbox 1279 4349 1418 4411; x_wconf 72' lang='lat' dir='ltr'>sangnine</span> <span class='ocrx_word' id='word_1_519' title='bbox 1437 4352 1514 4398; x_wconf 82' lang='lat' dir='ltr'>atro.</span> 
     </span>
     <span class='ocr_line' id='line_1_56' title="bbox 243 4420 1563 4497; baseline -0.002 -21"><span class='ocrx_word' id='word_1_520' title='bbox 243 4426 308 4493; x_wconf 87' lang='lat' dir='ltr'>Quo</span> <span class='ocrx_word' id='word_1_521' title='bbox 327 4438 410 4497; x_wconf 89' lang='lat' dir='ltr'>pacto</span> <span class='ocrx_word' id='word_1_522' title='bbox 430 4440 510 4477; x_wconf 89' lang='lat' dir='ltr'>erunt</span> <span class='ocrx_word' id='word_1_523' title='bbox 530 4423 679 4476; x_wconf 78' lang='lat' dir='ltr'>Trochaici</span> <span class='ocrx_word' id='word_1_524' title='bbox 700 4427 854 4487; x_wconf 84' lang='lat' dir='ltr'>octonarii,</span> <span class='ocrx_word' id='word_1_525' title='bbox 878 4422 937 4488; x_wconf 85' lang='lat' dir='ltr'>tel,</span> <span class='ocrx_word' id='word_1_526' title='bbox 959 4437 990 4475; x_wconf 90' lang='lat' dir='ltr'>nt</span> <span class='ocrx_word' id='word_1_527' title='bbox 1009 4423 1111 4477; x_wconf 87' lang='lat' dir='ltr'>Graeci</span> <span class='ocrx_word' id='word_1_528' title='bbox 1130 4420 1286 4493; x_wconf 84' lang='lat' dir='ltr'>appellant,</span> <span class='ocrx_word' id='word_1_529' title='bbox 1309 4420 1459 4474; x_wconf 85' lang='lat' dir='ltr'>Trochaici</span> <span class='ocrx_word' id='word_1_530' title='bbox 1480 4436 1563 4475; x_wconf 86' lang='lat' dir='ltr'>tetra-</span> 
     </span>
     <span class='ocr_line' id='line_1_57' title="bbox 240 4492 1561 4571; baseline -0.003 -18"><span class='ocrx_word' id='word_1_531' title='bbox 240 4505 322 4553; x_wconf 82' lang='lat' dir='ltr'>metti</span> <span class='ocrx_word' id='word_1_532' title='bbox 347 4501 509 4564; x_wconf 87' lang='lat' dir='ltr'>acatalecti,</span> <span class='ocrx_word' id='word_1_533' title='bbox 537 4504 594 4551; x_wconf 82' lang='lat' dir='ltr'>eive</span> <span class='ocrx_word' id='word_1_534' title='bbox 617 4498 690 4571; x_wconf 92' lang='lat' dir='ltr'>pleni</span> <span class='ocrx_word' id='word_1_535' title='bbox 717 4513 744 4551; x_wconf 90' lang='lat' dir='ltr'>et</span> <span class='ocrx_word' id='word_1_536' title='bbox 771 4502 881 4570; x_wconf 76' lang='lat' dir='ltr'>integri.</span> <span class='ocrx_word' id='word_1_537' title='bbox 926 4492 1016 4568; x_wconf 65' lang='lat' dir='ltr'>Attpne</span> <span class='ocrx_word' id='word_1_538' title='bbox 1042 4497 1094 4551; x_wconf 88' lang='lat' dir='ltr'>boc</span> <span class='ocrx_word' id='word_1_539' title='bbox 1118 4513 1243 4549; x_wconf 81' lang='lat' dir='ltr'>tertuum</span> <span class='ocrx_word' id='word_1_540' title='bbox 1267 4512 1351 4568; x_wconf 71' lang='lat' dir='ltr'>penna</span> <span class='ocrx_word' id='word_1_541' title='bbox 1375 4511 1456 4566; x_wconf 81' lang='lat' dir='ltr'>caepe</span> <span class='ocrx_word' id='word_1_542' title='bbox 1479 4496 1561 4549; x_wconf 85' lang='lat' dir='ltr'>habea</span> 
     </span>
     <span class='ocr_line' id='line_1_58' title="bbox 242 4568 1561 4644; baseline -0.002 -15"><span class='ocrx_word' id='word_1_543' title='bbox 242 4576 418 4630; x_wconf 84' lang='lat' dir='ltr'>Catalecticia</span> <span class='ocrx_word' id='word_1_544' title='bbox 443 4580 599 4629; x_wconf 81' lang='lat' dir='ltr'>immixtum</span> <span class='ocrx_word' id='word_1_545' title='bbox 623 4572 773 4626; x_wconf 80' lang='lat' dir='ltr'>iu·Plauto</span> <span class='ocrx_word' id='word_1_546' title='bbox 795 4589 823 4625; x_wconf 90' lang='lat' dir='ltr'>et</span> <span class='ocrx_word' id='word_1_547' title='bbox 845 4574 986 4626; x_wconf 85' lang='lat' dir='ltr'>Terentio.</span> <span class='ocrx_word' id='word_1_548' title='bbox 1030 4572 1124 4644; x_wconf 87' lang='lat' dir='ltr'>Neque</span> <span class='ocrx_word' id='word_1_549' title='bbox 1148 4571 1228 4623; x_wconf 85' lang='lat' dir='ltr'>aliter</span> <span class='ocrx_word' id='word_1_550' title='bbox 1250 4572 1362 4644; x_wconf 73' lang='lat' dir='ltr'>Tragici</span> <span class='ocrx_word' id='word_1_551' title='bbox 1385 4568 1561 4637; x_wconf 78' lang='lat' dir='ltr'>factitabant,</span> 
     </span>
     <span class='ocr_line' id='line_1_59' title="bbox 242 4646 1424 4722; baseline -0.004 -19"><span class='ocrx_word' id='word_1_552' title='bbox 242 4667 273 4705; x_wconf 90' lang='lat' dir='ltr'>nt</span> <span class='ocrx_word' id='word_1_553' title='bbox 294 4670 327 4705; x_wconf 80' lang='lat' dir='ltr'>ex</span> <span class='ocrx_word' id='word_1_554' title='bbox 346 4654 431 4706; x_wconf 79' lang='lat' dir='ltr'>Ennii</span> <span class='ocrx_word' id='word_1_555' title='bbox 451 4650 550 4705; x_wconf 88' lang='lat' dir='ltr'>Medea</span> <span class='ocrx_word' id='word_1_556' title='bbox 572 4648 700 4719; x_wconf 77' lang='lat' dir='ltr'>colligere</span> <span class='ocrx_word' id='word_1_557' title='bbox 720 4648 801 4713; x_wconf 82' lang='lat' dir='ltr'>licet,</span> <span class='ocrx_word' id='word_1_558' title='bbox 826 4646 898 4720; x_wconf 88' lang='lat' dir='ltr'>apud</span> <span class='ocrx_word' id='word_1_559' title='bbox 919 4648 1085 4701; x_wconf 72' lang='lat' dir='ltr'>Ciceronem</span> <span class='ocrx_word' id='word_1_560' title='bbox 1105 4647 1193 4716; x_wconf 79' lang='lat' dir='ltr'>Epioe.</span> <span class='ocrx_word' id='word_1_561' title='bbox 1213 4648 1288 4722; x_wconf 76' lang='lat' dir='ltr'>Fam.</span> <span class='ocrx_word' id='word_1_562' title='bbox 1310 4646 1424 4710; x_wconf 85' lang='lat' dir='ltr'>v11,6.</span> 
     </span>
     <span class='ocr_line' id='line_1_60' title="bbox 467 4718 1561 4798; baseline -0.002 -23"><span class='ocrx_word' id='word_1_563' title='bbox 467 4725 545 4796; x_wconf 81' lang='lat' dir='ltr'>Quae</span> <span class='ocrx_word' id='word_1_564' title='bbox 571 4722 750 4791; x_wconf 79' lang='lat' dir='ltr'>Corinthum,</span> <span class='ocrx_word' id='word_1_565' title='bbox 780 4718 880 4798; x_wconf 67' lang='lat' dir='ltr'>alliam</span> <span class='ocrx_word' id='word_1_566' title='bbox 903 4740 1012 4790; x_wconf 86' lang='lat' dir='ltr'>arcem,</span> <span class='ocrx_word' id='word_1_567' title='bbox 1044 4721 1168 4785; x_wconf 78' lang='lat' dir='ltr'>habetis,</span> <span class='ocrx_word' id='word_1_568' title='bbox 1193 4719 1201 4796; x_wconf 92' lang='grc' dir='ltr'>Ι</span> <span class='ocrx_word' id='word_1_569' title='bbox 1222 4729 1369 4774; x_wconf 76' lang='lat' dir='ltr'>matronae</span> <span class='ocrx_word' id='word_1_570' title='bbox 1398 4718 1561 4797; x_wconf 70' lang='lat' dir='ltr'>opulenltae,</span> 
     </span>
     <span class='ocr_line' id='line_1_61' title="bbox 1063 4801 1333 4868; baseline 0 -19"><span class='ocrx_word' id='word_1_571' title='bbox 1063 4801 1221 4868; x_wconf 75' lang='lat' dir='ltr'>optimates.</span> <span class='ocrx_word' id='word_1_572' title='bbox 1326 4826 1333 4849; x_wconf 73' lang='lat' dir='ltr'>r</span> 
     </span>
    </p>
   </div>
   <div class='ocr_carea' id='block_1_3' title="bbox 0 0 1699 5359">
    <p class='ocr_par' dir='ltr' id='par_1_6' title="bbox 0 0 1699 5359">
     <span class='ocr_line' id='line_1_62' title="bbox 0 0 1699 5359; baseline 0 0"><span class='ocrx_word' id='word_1_573' title='bbox 0 0 1699 5359; x_wconf 95' lang='lat' dir='ltr'> </span> 
     </span>
    </p>
   </div>
  </div>
 </body>
</html>
