3384 5359
208 288 269 357 158
346 382 350 389 ι
466 290 855 373 TUSCULANARUM
878 288 1269 357 DISPUTATIONUM

205 438 304 522 iunge
324 433 468 529 ,lructuqn
497 424 722 498 amicitiarum:
759 431 879 517 inquo
906 431 1030 497 doctis*
1067 430 1207 513 positum
1237 442 1286 495 est
1306 435 1393 495 tutu'
1415 431 1520 498 cousi·

153 530 156 541 '
206 530 281 594 lium
304 528 404 595 omnis
433 526 515 589 vitae
537 525 738 590 consentiens
761 539 793 590 et
814 547 916 610 paene
939 524 1144 607 conspirans,
1184 536 1249 587 tom
1270 547 1390 588 summa
1411 523 1522 588 incuu-

206 626 286 689 ditas
319 645 337 687 e
366 621 553 708 quotidiano
575 620 663 684 cultu
684 632 778 704 atque
800 620 901 683 rictu.
957 618 1042 700 Quid
1064 619 1144 681 baec
1165 621 1288 681 tandem
1312 618 1376 681 vita
1399 620 1522 682 deside·
1662 622 1663 697 i

208 720 291 794 rat³,
329 735 395 802 quo
415 714 465 797 ‘sit
493 712 640 776 beitior?
671 713 723 776 cui
756 714 915 777 refertae³
950 723 999 777 tot
1031 713 1190 798 tantisque
1227 712 1350 797 gaudiis
1392 712 1524 789 fortuna

204 811 273 893 ipsa
302 812 393 873 cedat
420 830 549 872 necesse
579 818 656 871 esi.'-
695 809 792 889 Quod
813 807 841 871 si
863 809 1002 893 gaudere
1025 807 1138 869 talibus
1161 807 1252 870 bonis
1274 806 1397 880 anitni,¹
1424 806 1524 868 idest

94 964 98 971 ,
203 903 394 997 virtutibus,
428 905 555 965 beatum
578 913 643 977 est;
678 923 850 987 omnesque
872 902 1032 985 sapientes
1053 899 1124 963 his⁵
1147 899 1267 985 gaudiis
1289 898 1519 982 perfruunturt

205 1016 313 1060 omnes
335 996 413 1059 eos⁶
435 995 579 1058 confiteri
603 998 714 1061 beatos
736 996 838 1071 esse⁷‚
864 1015 993 1057 neeesse
1016 1005 1076 1056 est.
1136 1040 1140 1069 ἴ
1196 1048 1202 1053 ,
1577 1006 1582 1045 t

260 1090 423 1153 .XXV1.
454 1090 507 1153 73.
531 1090 576 1152 A.
600 1088 768 1153 Etiamne⁸
790 1088 821 1152 in
843 1088 986 1151 cruciatu
1007 1098 1103 1172 atque
1124 1083 1315 1151 tormentis?
1335 1087 1391 1150 M.
1413 1086 1465 1149 Au
1485 1096 1520 1148 tu

203 1204 253 1246 nne
274 1182 305 1245 in
329 1182 413 1245 viola
437 1183 592 1264 putabas⁹
617 1195 671 1247 arnt
691 1183 722 1247 in
746 1204 820 1247 rosa
843 1181 974 1245 dicere?
995 1182 1049 1244 An
1079 1180 1245 1263 Epicuro,
1269 1178 1327 1264 qni
1336 1180 1360 1219 ¹⁰
1387 1189 1527 1253 tantum,

202 1273 301 1342 modo
324 1275 424 1338 induit
448 1297 615 1359 personam
640 1277 825 1361 philosophi
854 1288 885 1339 et
899 1275 959 1339 sibi
972 1276 1038 1357 ipse
1048 1277 1075 1315 ¹¹
1095 1275 1160 1339 hoc
1180 1295 1293 1336 nomen
1315 1271 1472 1354 inscripsit
1481 1274 1516 1346 ¹³,

202 1371 309 1433 dicere
327 1368 453 1433 licebit:
476 1371 578 1454 (quod
597 1369 742 1457 quidem,
767 1372 836 1447 111¹?
854 1370 950 1432 habet
967 1374 1001 1432 'se
1023 1391 1093 1445 res,
1125 1388 1174 1431 me
1194 1380 1297 1430 tamen
1319 1366 1518 1448 plaudente¹⁴

203 1463 313 1543 elicita)
331 1462 448 1525 nullum
471 1463 605 1546 sapienti
626 1485 697 1528 esse
715 1477 859 1547 tempus,
884 1462 944 1527 etsi
952 1464 977 1503 ¹⁵
997 1474 1127 1537 stratur,
1151 1472 1358 1546 torqueatur,
1382 1471 1515 1535 secetur,

202 1554 279 1641 quin
300 1556 404 1639 possit
421 1558 616 1633 exclamare,
639 1562 754 1641 Quom
765 1580 835 1642 pro
852 1558 961 1621 nihilo
971 1563 1079 1640 puto!
1100 1578 1194 1641 quum
1217 1555 1404 1638 praesertim
1427 1574 1516 1617 omne

202 1650 316 1714 malum
340 1651 454 1713 dolore
476 1651 623 1727 deliniat,
659 1653 776 1715 bonurn
798 1653 964 1734 voluptate
974 1650 1017 1725 ¹⁶3
1040 1652 1120 1714 haec
1146 1662 1275 1724 nostra,
1299 1648 1431 1710 honesta
1451 1656 1517 1707 tur·

201 1744 273 1827 pia,
298 1742 446 1817 irrideat,
467 1744 631 1826 dicatque,
649 1758 708 1808 nos
722 1745 754 1807 in
769 1745 904 1809 vocibus
916 1754 1108 1825 occupatos,
1133 1743 1239 1806 inanes
1255 1762 1352 1804 sonos
1365 1739 1516 1809 funderet

201 1858 305 1923 neque
324 1837 493 1923 quidquam
512 1838 552 1899 ad
573 1857 632 1900 nos
651 1837 830 1919 periinere,
856 1837 915 1900 nisi
934 1839 1022 1921 quod
1038 1848 1091 1899 arnt
1110 1837 1227 1909 leve¹⁷‚
1253 1847 1305 1897 ant
1327 1854 1472 1916 asperum
1488 1829 1519 1892 iu

201 1952 342 2012 corpore
364 1931 537 1993 sentiaturt
561 1930 635 1993 huic
663 1952 762 2015 ergo,
785 1943 821 1993 ut
846 1930 930 2005 dixi,
954 1951 1017 1994 non
1045 1931 1174 1993 multtun
1198 1927 1385 1993 differentia
1404 1924 1518 1989 indicio

192 2026 361 2105 imarum,
387 2023 533 2087 oblivisci
557 2023 666 2086 licebit
685 2024 757 2087 sni?
786 2035 818 2087 et
834 2035 901 2086 tum
927 2022 1088 2086 fortunam
1110 2034 1331 2101 contemnere,
1363 2042 1458 2113 quum
1480 2021 1519 2084 sit

202 2139 296 2180 omne
318 2128 352 2180 et
374 2119 493 2180 bonum
515 2117 600 2193 eius,
635 2129 666 2180 et
684 2117 798 2180 tnalutn
818 2117 849 2179 in
875 2128 1032 2200 potestate
1056 2116 1225 2193 fortunae,
1260 2128 1325 2181 tunt
1352 2118 1458 2180 dicere
1485 2136 1519 2179 se

200 2214 326 2276 beatum
350 2211 384 2277 in
405 2232 527 2275 summo
556 2211 697 2275 cruciatu
727 2223 822 2294 atque
852 2211 1035 2286 tormentis,
1073 2233 1168 2295 quntn
1200 2211 1418 2288 constituerit,
1457 2230 1520 2272 nou

201 2309 299 2369 modo
321 2326 473 2367 sumntum
496 2304 620 2385 malum·
634 2325 702 2368 esse
724 2304 888 2379 dolorem,
917 2303 1087 2373 sedetiam
1109 2304 1237 2368 solum?
1272 2307 1323 2367 ll.
1348 2307 1418 2368 Nec
1439 2322 1519 2367 vero

200 2398 255 2463 illa
276 2398 336 2461 sibi
356 2396 498 2461 remedia
519 2396 750 2479 comparavit¹⁸
780 2398 819 2459 ad
841 2397 1038 2461 tolerandum
1060 2398 1225 2472 dolorem,
1249 2396 1429 2461 firmitatem
1452 2393 1520 2459 ani·

202 2492 262 2566 mi,
285 2490 487 2572 turpitudinis
508 2490 745 2566 verecundiam,
770 2491 1032 2555 exercitationem
1055 2491 1376 2576 consuetudinemque
1397 2490 1519 2574 patien-

203 2588 251 2659 di,
273 2595 451 2666 praecepta·
467 2582 682 2659 fortitudinis,
707 2578 890 2647 duritiam¹⁹
911 2583 1054 2659 virilem3
1078 2587 1134 2647 sed
1156 2606 1216 2648 nna
1239 2606 1272 2648 se
1289 2585 1396 2648 dicit²⁰
1410 2606 1520 2649 recor·

203 2678 330 2742 datione
353 2675 554 2760 acquiescere
569 2677 810 2758 praeteritarum
826 2679 1045 2760 voluptatum:
1068 2674 1103 2741 nl
1118 2677 1144 2741 si
1159 2678 1229 2763 quis
1244 2691 1399 2754 aestuans,
1424 2699 1519 2763 qttttm

202 2770 264 2835 vim
289 2770 406 2834 caloris
429 2791 491 2833 non
514 2769 608 2832 facile
629 2769 784 2852 patiatur,
814 2773 979 2835 recordari
1000 2771 1095 2847 velit,
1120 2774 1189 2835 se²¹
1212 2773 1379 2855 aliquando
1401 2772 1432 2834 in
1455 2775 1519 2835 Ar·

202 2864 302 2949 pinati
323 2876 436 2927 nostro
458 2863 571 2948 gelidis
591 2863 773 2926 fluminibus
795 2863 1018 2928 circumfusum
1040 2865 1153 2930 fuisse.
1204 2867 1280 2929 Non
1302 2865 1383 2929 enim
1407 2865 1517 2941 rideo,

203 2979 268 3042 qno
284 2959 379 3020 modo
397 2959 510 3020 sedare
530 2956 654 3039 possint
674 2958 755 3020 mala
769 2957 945 3039 praesentia
961 2946 1149 3040 praeieritae
1166 2964 1358 3041 voluptates.
1383 2961 1435 3023 75.
1458 2959 1521 3021 Sed

205 3050 350 3136 quomis
373 3051 475 3127 dieat,
500 3072 626 3134 semper
647 3053 773 3114 beatum
796 3072 865 3113 esse
887 3051 1080 3133 sapientem,
1105 3053 1156 3115 cni
1178 3053 1282 3117 dicere
1306 3054 1390 3128 boe,
1413 3051 1440 3113 si
1462 3049 1521 3114 sibi

203 3156 351 3208 constare
381 3146 495 3219 vellet,
527 3166 591 3209 non
612 3143 746 3207 liceret:
782 3143 931 3228 quidnam
959 3144 1137 3209 laciendum
1160 3160 1208 3209 est
1229 3147 1330 3222 his22,
1370 3145 1424 3231 qni
1445 3143 1521 3207 nihil

204 3241 431 3319 expetendum,
467 3239 545 3303 nihil
575 3237 722 3307 inbonis
745 3240 938 3316 ducendum,
972 3242 1059 3324 quod
1078 3242 1245 3317 honestate
1268 3252 1387 3315 careat,
1412 3239 1520 3303 existi·

205 3330 315 3393 mant?
348 3332 408 3396 Mo
436 3332 561 3416 quidem
590 3344 739 3409 auctore,
774 3333 867 3396 etiam
898 3326 1105 3416 Peripatetici
1125 3346 1315 3418 veteresque
1336 3330 1519 3398 Academici

277 3575 317 3651 (ί)
347 3577 394 3632 ste
420 3580 452 3633 it.
478 3579 543 3634 atu.
568 3581 601 3637 P.
621 3580 712 3635 Gebh.
732 3583 767 3637 l).
788 3592 814 3640 1.
832 3583 885 3639 W.
902 3586 933 3636 Q,
953 3610 991 3625 -
1009 3582 1138 3634 edoctis
1159 3582 1361 3637 ansteum.
1382 3581 1448 3634 Laii.
1467 3580 1521 3633 Bi·

204 3667 282 3726 pont.
334 3653 370 3721 (⁹)
400 3653 448 3707 Sic
471 3654 499 3710 b.
525 3657 598 3711 011.
626 3658 679 3711 W.
707 3662 734 3712 2.
761 3686 799 3699 -
830 3673 912 3727 quum
938 3658 1040 3711 Ceteri.
1091 3657 1128 3731 (³)
1147 3687 1185 3700 —
1204 3657 1343 3710 desideret
1363 3658 1428 3709 Ern.
1448 3674 1521 3728 susp.

202 3726 240 3802 (⁴)
270 3729 317 3781 ste
347 3725 417 3783 Cdd.
436 3733 527 3801 paucit
548 3728 588 3804 (b.
608 3746 624 3783 a
644 3730 699 3785 sec.
720 3728 771 3806 m.)
790 3731 842 3784 Ed.
863 3747 916 3785 vet.
945 3733 1032 3785 Bouh.
1054 3729 1087 3784 de
1108 3732 1185 3786 Mau.
1206 3732 1235 3789 Ε.
1255 3733 1313 3786 Lo.
1333 3731 1405 3784 Laii.
1421 3732 1474 3786 W.
1494 3737 1520 3786 2.

203 3831 242 3844 -
260 3807 304 3854 eni
330 3808 374 3855 rei
383 3802 529 3876 'refertae
554 3823 569 3859 e
596 3821 678 3878 prata
703 3812 891 3879 geminatione
921 3808 953 3860 R.
973 3808 1178 3862 FABsEcvM.
1200 3808 1289 3861 Gebh.
1313 3816 1336 3865 l.
1375 3806 1412 3882 (⁵)
1432 3823 1469 3859 eo
1487 3812 1523 3858 iis

206 3878 340 3934 PABML.
360 3908 399 3925 ›-
417 3898 473 3933 om.
492 3878 536 3931 its
554 3882 608 3934 CV.
660 3881 698 3948 (5)
717 3898 754 3935 so
772 3900 820 3933 eos
838 3899 933 3933 omnes
953 3884 983 3936 P.
1033 3880 1071 3956 (⁷)
1091 3905 1128 3942 ::
1146 3883 1244 3936 beatos
1262 3901 1320 3934 esse
1339 3880 1477 3954 confiteri
1488 3883 1522 3936 V.

205 3951 243 4017 (⁸)
273 3961 417 4006 —etiam
442 3957 473 4010 u.
498 3970 613 4029 propter
637 3954 736 4009 falsam
756 3955 869 4029 στίγων
887 3954 1067 4012 divisionem:
1092 3976 1201 4010 necesse
1230 3968 1274 4011 ert
1291 3964 1377 4010 etiam
1401 3962 1431 4009 in
1450 3974 1521 4010 erne.

205 4035 287 4098 atque
306 4037 453 4083 tormentis
471 4030 488 4103 Ι)
511 4036 557 4084 An
573 4039 613 4086 tu.
651 4030 688 4107 (⁹)
708 4034 754 4086 ste
774 4021 832 4106 (Β.)
854 4032 904 4086 Gr.
925 4032 986 4085 Col.
1006 4034 1039 4087 V.
1061 4032 1149 4088 Gebb.
1172 4034 1245 4106 Seqq
1272 4063 1311 4075 —
1325 4042 1412 4104 putas
1431 4028 1523 4088 oseti.

207 4101 232 4155 Ο
254 4121 278 4155 x.
297 4104 374 4159 ABS.
394 4104 436 4161 lu.
456 4106 546 4163 CML.
565 4106 644 4179 prob.
665 4104 715 4160 Da.
736 4124 762 4161 ct
781 4107 849 4161 Ero.
893 4106 944 4182 (¹⁰)
964 4137 1002 4152 -·
1018 4115 1084 4181 qnia
1104 4109 1176 4168 031.
1197 4111 1231 4164 D.
1245 4075 1352 4183 ¹(Regio
1372 4106 1470 4161 tribuit
1490 4108 1523 4161 D.

241 4179 280 4230 ibi
301 4178 523 4235 uibll'notatum
551 4185 616 4249 est.)
645 4179 695 4237 cfr.
716 4179 829 4253 Madvig
850 4189 874 4240 1.
896 4201 922 4255 p.
942 4184 988 4241 lili.
1007 4201 1035 4238 et
1055 4185 1164 4257 Woplt.
1183 4204 1210 4259 p.
1233 4188 1297 4243 iob.
1347 4182 1397 4258 (¹¹)
1417 4210 1454 4225 -·
1472 4180 1525 4232 8be

206 4256 262 4322 ipsi
281 4251 350 4312 031.
379 4252 454 4313 Laid.
483 4256 559 4311 PCV.
611 4257 660 4324 (¹²)
681 4284 717 4299 -
736 4258 864 4310 inscribit
883 4258 954 4313 le.
974 4259 1031 4312 Alii
1051 4265 1141 4332 pauci.
1193 4260 1243 4335 (Β)
1263 4286 1301 4304 -
1318 4266 1381 4310 uttd
1399 4256 1469 4309 Laii.
1490 4254 1542 4310 δι’

207 4326 296 4381 Bentl.
317 4326 361 4395 d„
394 4328 467 4401 quod
486 4330 645 4386 Tullianum
664 4349 719 4385 non
737 4348 798 4391 ests
819 4337 871 4385 etsi
892 4332 1036 4405 aliquoties
1057 4334 1125 4386 baec
1145 4334 1301 4408 corruptela
1320 4351 1379 4387 sese
1398 4331 1523 4407 probavit

207 4406 293 4455 etlam
320 4402 482 4459 Ernestio.‘
504 4405 553 4475 (Ν)
573 4435 609 4450 -
629 4406 816 4480 npplnecdente
841 4406 872 4460 Li
899 4407 983 4461 solus.
1028 4408 1078 4484 (¹⁵)
1098 4432 1135 4467 :
1154 4417 1238 4462 etiam
1258 4416 1284 4460 si
1302 4410 1375 4464 021.
1419 4405 1469 4481 (¹⁶)
1488 4428 1525 4465 :

206 4477 313 4548 voirpt.
334 4478 484 4537 donttm'P.
521 4481 572 4548 (¹⁷)
594 4485 640 4537 Sic
658 4488 742 4536 etiarn
761 4481 808 4549 in,
827 4488 956 4554 quocirca
977 4482 1075 4537 dubito
1094 4483 1128 4538 de
1147 4487 1236 4545 Bouh.
1257 4486 1317 4536 line
1336 4481 1425 4557 (Leid.
1445 4499 1524 4536 uuus.

207 4550 370 4609 Passum
398 4558 481 4629 Regio
510 4574 618 4629 quoque
647 4559 795 4614 tribuente.
822 4560 872 4625 (4-
899 4561 979 4610 laeve
1003 4565 1095 4613 minus
1122 4579 1196 4615 recte
1226 4564 1351 4614 scribunt
1386 4558 1453 4611 Lall.
1486 4554 1524 4630 1.)

207 4625 258 4694 (¹⁸)
276 4656 315 4671 -
331 4634 506 4702 compararit
525 4632 556 4689 L.
582 4632 667 4688 solus.
705 4632 754 4708 (¹⁹)
777 4656 814 4691 =
833 4634 965 4686 duritiem
985 4633 1082 4708 (Otr.)
1104 4637 1154 4689 SE.
1175 4636 1283 4692 Fabiis.
1322 4633 1373 4703 (²⁰)
1392 4661 1431 4676 ·-
1448 4631 1526 4684 dicat

206 4705 240 4759 Ι..
258 4703 341 4757 solus.
362 4706 418 4759 Cur
444 4706 554 4760 tandem
577 4709 621 4761 his
644 4713 829 4763 coniunctius
849 4725 1006 4764 correctum
1026 4726 1041 4761 a
1062 4727 1091 4764 se
1110 4711 1232 4764 Tullium
1254 4709 1386 4783 putabat?
1418 4709 1470 4778 (²¹)
1489 4736 1525 4750 -

208 4795 266 4829 esra
287 4781 333 4844 u,
366 4779 393 4832 ld
414 4798 455 4834 est
474 4799 512 4835 ao
531 4800 605 4846 sese,
637 4789 678 4838 uti
697 4786 769 4839 021.
790 4787 882 4841 Recte.
933 4784 982 4857 (²²)
1003 4788 1049 4838 Sic
1071 4787 1102 4839 it.
1122 4787 1201 4843 DW.
1222 4794 1248 4843 2.
1268 4784 1378 4836 -Ju‘t'e
1395 4782 1458 4836 ΒΛ
1484 4800 1525 4856 pr·

206 4869 244 4907 tu.
264 4882 300 4898 -
320 4860 356 4907 iis
376 4857 576 4912 raBsEcvai.
597 4859 629 4915 L.
649 4859 716 4911 Lali.
739 4870 763 4916 1.
