3384 5359
696 335 762 401 AD
782 336 877 402 ΠΒ.
900 338 930 402 1.
1340 338 1345 357 ¹
1413 338 1474 403 tit

137 475 216 549 Ego
237 490 304 529 aero
325 490 382 528 nau
406 475 588 544 Ciceronem,
619 474 693 549 quod
719 475 809 542 abrit,
836 494 932 532 verum
959 481 1035 551 lpaoa
1057 477 1120 533 illae
1143 482 1279 534 rationem
1303 478 1352 533 bic
1374 475 1477 550 inplete

140 549 298 604 contenda
321 565 365 615 et,
390 555 443 604 niti
462 553 579 606 multura
601 557 688 606 animi
708 549 802 617 fallar,
826 553 906 626 plane
927 558 1062 607 evincam.
1101 553 1154 607 Sed
1174 556 1259 619 haec,
1283 570 1337 627 qno
1359 554 1477 607 clariora

140 631 230 690 aiut,
253 642 318 679 aaut
337 625 430 698 paullo
448 626 532 683 altine
552 627 709 702 repetenda.
744 627 894 682 Sciendum
916 643 957 691 eat
977 633 1076 702 igitur,
1099 629 1226 684 iambicit
1243 646 1306 684 cum
1326 631 1477 683 trochaicis

142 716 285 773 magnam
321 706 517 774 cognationem
548 718 576 756 ct
608 702 820 757 timilitudiueut
851 720 927 757 erte:
961 701 1035 775 quod
1066 705 1150 758 tunel
1182 710 1334 778 iterumpue
1364 710 1477 778 attingit

142 778 360 848 Hephaestion:
392 794 434 830 ret
463 777 588 851 exemplo
616 779 809 832 illustrabitur.
848 779 995 833 Natirtiml
1017 794 1082 833 aunt
1105 780 1241 834 trochaici
1261 782 1381 835 linuiaui
1404 778 1480 854 apud
1549 808 1551 812 ·

144 850 297 918 Genium,
320 851 369 924 [25
390 856 447 921 29⁶]
470 877 473 882 ’

380 929 442 979 Hoc
460 926 513 980 tibi
529 932 568 978 tit
584 924 590 1002 Ι
606 936 803 996 angmentum
818 927 825 997 Ι
840 945 947 1000 temper
964 933 994 980 in
1006 926 1149 1005 promlptu
1166 934 1252 983 nitram

380 1003 426 1054 Ne
445 1003 514 1073 quid
529 1001 666 1078 capaciter
683 1008 789 1055 amieos
803 999 810 1077 Ι
826 1004 899 1073 quad
916 1012 976 1056 iaie
994 1022 1082 1071 agore
1098 1005 1233 1080 ppassim.

144 1079 193 1133 Bi
208 1091 291 1144 auut,
312 1093 380 1148 quaa
396 1075 451 1131 fere
467 1080 568 1132 Graeci
587 1094 761 1133 tetramettaa
777 1093 875 1133 vocant
891 1080 1071 1131 catalecticos
1086 1085 1143 1133 tivo
1158 1097 1212 1133 uua
1228 1080 1331 1153 tyllaba
1348 1082 1478 1138 delicien-

145 1168 212 1218 tea,
242 1167 273 1205 ut
296 1155 355 1225 ipae
376 1153 424 1206 hic
444 1152 534 1212 viden
566 1170 629 1207 nam
650 1153 774 1226 dactylut
796 1169 838 1207 eet
863 1158 892 1206 in
915 1169 1014 1225 quarto
1043 1153 1121 1216 loco;
1155 1174 1226 1221 non,
1257 1174 1286 1211 nt
1317 1163 1347 1211 in
1369 1165 1477 1228 ceteris,

145 1227 343 1281 ditrochaeus.
387 1227 446 1281 Iam
468 1232 491 1282 ei
514 1229 557 1281 hit
580 1229 732 1281 trochaicis
755 1232 839 1281 unbm
863 1227 996 1300 syllabam
1017 1236 1220 1302 praepaaueritt
1246 1232 1360 1287 habebit
1382 1239 1478 1288 atatim

146 1302 290 1356 iambicos
308 1318 483 1356 tetrametrar
503 1304 685 1369 acataleotat,
706 1305 760 1357 hac
779 1321 838 1368 eat,
863 1303 957 1376 planat
980 1318 1007 1357 ct
1027 1308 1162 1377 integrat:
1190 1321 1220 1358 ut
1240 1308 1315 1361 verbi
1335 1315 1438 1382 gratia-z

379 1380 428 1433 ΕΤ
445 1378 497 1431 irtio
514 1379 567 1430 tibi
581 1379 589 1453 Ι
603 1386 643 1431 sii
660 1380 868 1454 argumenltrtm
885 1396 993 1450 temper
1011 1383 1040 1430 itt
1055 1381 1207 1452 lpromptu
1224 1386 1320 1450 situm,

381 1454 433 1506 UT
452 1473 487 1506 ne
508 1454 575 1524 quid
592 1452 729 1529 expectes
746 1461 861 1528 amipcas
879 1454 953 1526 quod
969 1462 1030 1509 tute
1049 1473 1136 1523 agere
1152 1454 1287 1531 [possiet.

144 1530 228 1601 Erga
247 1546 281 1582 ex
298 1532 451 1602 posteriore
472 1536 571 1601 'genere
596 1531 663 1596 hot,
690 1530 725 1583 de
747 1530 847 1601 quibua
871 1545 946 1582 nuuc
965 1533 1087 1601 agimur,
1115 1548 1208 1583 verane
1229 1550 1289 1585 ctae
1308 1532 1470 1588 autumabat

144 1607 297 1676 Scaliger,
330 1619 357 1657 et
385 1609 433 1675 qui
461 1622 525 1657 cum
553 1611 655 1659 secuti:
689 1622 720 1660 nt
751 1621 827 1658 certe
856 1604 966 1676 qnidam
995 1619 1076 1671 aaut„
1109 1609 1133 1659 al
1159 1622 1299 1682 receptam
1324 1608 1476 1664 lectionem

143 1678 336 1746 mmm,
377 1754 440 1805 Heu
458 1751 756 1830 reliquiaa‘1semiaaai
774 1754 862 1830 reigia
880 1753 1039 1807 domtdoiia
1055 1730 1164 1807 aeribus

376 1828 433 1881 Par
451 1838 559 1881 terram
578 1828 666 1904 ranila
688 1827 836 1905 delibuitur
850 1828 942 1900 foeda
961 1830 991 1882 dt
1020 1836 1142 1883 exorior.

144 1905 256 1958 Verum
277 1909 307 1957 iu
323 1921 357 1957 ea
373 1918 434 1957 tota
453 1903 600 1958 diificultat
617 1920 754 1972 vertatur,
775 1921 810 1957 an
829 1920 942 1977 recepta
959 1904 1044 1960 lectio
1064 1911 1100 1960 tit
1120 1904 1302 1961 admittenda.
1338 1905 1476 1982 Equidem

146 1979 180 2033 id
200 1981 441 2052 pernego,¹qnum
461 1998 494 2033 ex
512 1985 574 2052 ipra
594 1980 728 2034 Cicerone
752 1980 912 2054 plantatim
931 1994 1077 2053 appareat,
1099 1982 1168 2036 haec
1190 1999 1297 2055 quoque
1320 1982 1355 2035 ab
1376 1983 1476 2037 umbra

146 2053 379 2129 Polydortuiota
399 2073 476 2120 ctae,
500 2060 529 2109 iu
549 2054 644 2108 cadem
665 2055 768 2133 ῥήσει,
792 2070 845 2127 qua
865 2060 958 2127 priora
978 2056 1035 2122 illu,
1471 2080 1475 2089 ·

375 2129 494 2195 Mater,
519 2139 548 2182 te
566 2131 691 2202 oppilo,
713 2149 782 2200 quae
800 2148 897 2182 curam
916 2148 1012 2183 camno
1030 2130 1193 2202 mperatum
1210 2132 1306 2194 leone,-

147 2220 179 2259 et
200 2202 308 2258 idcirco
327 2221 412 2276 quum
435 2211 526 2277 priora
548 2211 605 2259 aiut
631 2206 791 2269 trochaica,
817 2210 900 2259 ctiam
924 2206 993 2259 baec
1014 2211 1135 2259 exortia
1160 2206 1220 2279 lege
1247 2209 1390 2262 trochaica
1415 2224 1475 2262 etto

147 2295 275 2353 oportet.
313 2279 457 2351 Reliquum
475 2296 515 2334 eat
533 2284 635 2352 igitur,
658 2295 688 2334 ut
702 2279 841 2352 coquendo
858 2295 934 2333 certa
950 2286 1079 2353 vettipia,
1102 2298 1170 2352 quoa
1187 2288 1358 2352 quaerimur,
1377 2301 1476 2337 nume·

148 2373 199 2410 roa
220 2356 288 2409 hinc
304 2371 441 2409 eruamur.
480 2358 570 2426 Atque
589 2355 630 2409 illi
651 2355 773 2427 quidem,
805 2360 835 2409 ui
855 2353 951 2423 fallar,
982 2373 1031 2410 aua
1051 2373 1150 2428 tpoute
1169 2363 1336 2412 exorientur.
1381 2361 1475 2428 Quar-

149 2447 217 2485 anm
233 2436 308 2484 onim
327 2429 396 2483 illud
420 2432 548 2486 REGIS?
573 2433 655 2484 Certe
674 2429 826 2504 Polydorus
846 2430 916 2485 baec
934 2430 968 2483 de
991 2448 1020 2484 te
1040 2432 1177 2502 loquitur:
1200 2437 1230 2485 ia.
1243 2448 1336 2488 autem
1356 2438 1475 2487 minime

149 2522 215 2560 erat
234 2524 298 2560 rex:
328 2504 444 2577 quadri
464 2504 576 2563 initam:
606 2524 636 2559 re
656 2521 748 2559 tamen
766 2523 858 2579 regern
879 2522 913 2580 ap
934 2505 1031 2570 ellare,
1059 2511 1221 2580 praesertim
1245 2513 1302 2562 iam
1324 2525 1476 2577 mortuum,

148 2587 232 2635 enine
252 2597 322 2635 eruet
344 2584 486 2635 lucaniael
509 2580 581 2635 lllud
596 2598 704 2652 quoque
720 2585 792 2634 acire
808 2599 890 2647 aveo,
910 2526 1081 2636 issmtasffl
1098 2581 1164 2655 quid
1183 2582 1237 2636 tihi
1257 2585 1342 2639 veliti
1360 2585 1477 2653 Dicent,

148 2662 269 2731 opinor,
294 2661 454 2707 semiustum
472 2661 528 2710 tite
550 2657 782 2710 sembottdatttm.
821 2659 905 2727 Atqui
925 2674 1013 2728 neque
1035 2655 1116 2711 fuuua
1134 2655 1238 2711 factum
1260 2676 1301 2714 eat
1319 2658 1470 2733 Polydoro,

150 2751 183 2785 ut
210 2748 311 2805 carpat
337 2729 420 2785 fuerit
443 2730 706 2809 taminatulaudum:
746 2731 945 2804 proiiciebatur
968 2737 1068 2804 quippe
1088 2732 1245 2787 voluerihna
1265 2752 1293 2788 et
1311 2733 1393 2800 leda,
1416 2751 1471 2789 nec

149 2806 949 2954 ii.”53:53“il“..¹.i‘t.2iiitiit.iiiiii:
969 2808 1198 2938 :litigii
1216 2808 1487 2939 :iiiiii-

149 2976 203 3031 per
225 2954 369 3010 referatur.
407 2958 470 3011 Nou
493 2962 584 3029 itaque
607 2957 745 3030 Polydoro
771 2961 901 3015 convenit
922 2956 992 3011 illud
1013 2964 1179 3020 εεηιὶωειυς
1206 2960 1286 3014 Terei
1309 2965 1400 3033 patiar
1424 2974 1473 3014 aut

150 3033 293 3105 Thyettta
316 3032 395 3097 fiilia,
427 3038 528 3103 quiin
556 3038 682 3086 convivio
708 3032 750 3085 vel
771 3038 898 3087 acmiaaai
919 3033 964 3095 vel
989 3038 1045 3087 atti
1069 3034 1228 3107 parentibus
1254 3033 1473 3109 apponebantur.

151 3107 250 3176 Qnidi
284 3108 380 3160 lamae
402 3107 478 3162 videa
500 3109 598 3175 buitta,
628 3107 841 3181 quamtulam,
874 3113 1011 3163 octonarii
1033 3108 1259 3164 abrurdlraimam
1285 3113 1473 3164 tententiami

183 3182 250 3236 uidi
275 3182 321 3236 ille
343 3182 412 3235 alter

151 3186 181 3291 9
379 3219 435 3310 Pe’r
453 3266 560 3310 terram
579 3264 659 3311 sauia
678 3258 816 3311 delibutas
825 3255 918 3329 faeda
936 3257 1120 3310 divexariar?

152 3330 248 3402 Quid,
274 3326 395 3399 malum,
423 3330 452 3384 id
473 3333 654 3401 lamentatur,
687 3334 760 3404 quad
778 3352 831 3405 par
851 3342 960 3386 terram
986 3331 1150 3386 divexandua
1172 3335 1229 3388 titi
1257 3348 1292 3387 au
1313 3334 1406 3389 maliet
1421 3353 1476 3408 per

151 3427 259 3479 aquam
277 3424 292 3459 a
311 3412 425 3461 marinio
447 3400 564 3474 b'elluie,
586 3424 634 3462 aut
652 3426 705 3480 per
723 3420 816 3459 nerem
836 3424 851 3459 a
871 3407 1024 3462 vulturibut
1046 3407 1210 3462 dilacerari?
1231 3407 1310 3462 Nihil
1330 3409 1385 3464 aidi
1405 3411 1477 3464 atul-

153 3490 228 3538 tiue:
260 3500 289 3538 ct
313 3482 441 3561 proiecto
458 3484 519 3537 hoc
543 3488 627 3536 etiam
652 3483 712 3537 aliia
738 3483 871 3536 aubaluit.
914 3483 999 3536 Aldua
1025 3486 1100 3536 cuim
1123 3483 1284 3548 Manutius,
1313 3485 1474 3555 lambiunt,
1524 3506 1530 3519 ¹

153 3560 470 3623 Scriveriua..Votniut,
498 3575 529 3612 nt
548 3558 670 3623 labanti,
689 3557 788 3624 creda,
807 3562 960 3611 tententiae
976 3556 1173 3629 aliquantulum
1188 3546 1379 3627 contulerant,
1398 3560 1475 3612 dali-

152 3633 250 3685 btatam
266 3634 420 3688 ediderunt.
460 3633 514 3688 Sed
530 3650 557 3689 et
571 3634 689 3688 victorii
706 3632 827 3699 cadicea,
846 3648 874 3686 et
892 3633 1044 3695 Gebhardi,
1063 3646 1090 3685 et
1107 3637 1195 3685 noatrl
1211 3633 1350 3686 delibutas
1365 3653 1473 3690 tammo

153 3727 293 3763 contentu
312 3726 375 3783 prae
394 3727 424 3763 ae
442 3707 544 3762 heruut.
581 3709 665 3762 Videt
687 3715 758 3774 iam,
783 3724 810 3762 et
829 3707 903 3761 huuc
920 3708 1103 3761 Octonarlum
1128 3707 1218 3761 nihilo
1238 3708 1382 3763 meliorem
1405 3728 1476 3778 etet,

153 3800 237 3855 qnam
258 3784 336 3837 illum
354 3789 483 3859 priorem.
510 3785 691 3857 Experiamur
707 3789 807 3856 igitur,
826 3799 861 3836 au
877 3780 980 3854 aliquid
996 3787 1088 3835 taniut
1111 3781 1315 3856 elegantiusque
1332 3800 1475 3858 exsurgam

153 3865 199 3928 oi,
221 3875 252 3913 ut
273 3876 338 3914 tanc
360 3860 478 3924 debent,
504 3858 538 3911 ad
562 3862 719 3913 trochaicae
743 3858 910 3931 redigantur.
947 3859 981 3912 llt
1006 3858 1073 3911 alim
1096 3858 1208 3929 quidem
1229 3864 1272 3914 tic
1290 3858 1473 3934 refingebamt

379 3936 455 3990 tilio
473 3937 607 4006 reliquias
621 3934 627 4009 Ι
643 3934 824 3989 sEMIEsas
840 3930 846 4008 Ι
862 3932 1011 3985 denudatis
1026 3931 1032 4006 Ι
1047 3935 1155 3985 assibus

376 4010 498 4065 'TETRA
516 4017 595 4063 sanie
611 4008 617 4083 Ι
633 4009 771 4061 delibatas
787 4006 794 4083 Ι
802 4008 893 4080 foede
912 4006 1095 4082 divexior-ier.

153 4090 235 4157 Quae
258 4104 295 4140 no
320 4103 395 4140 nnuc
420 4090 532 4157 quidem
561 4083 728 4159 poenitenda
756 4100 816 4137 erat
843 4089 1018 4137 coniectura:
1049 4087 1104 4137 niti
1126 4086 1155 4135 in
1176 4087 1339 4137 vetnatiaret
1362 4082 1474 4139 cadicea
1512 4140 1516 4148 ,

153 4161 332 4226 lucidiorem,
352 4179 469 4234 quarum
485 4166 607 4234 vertigiit
625 4165 808 4214 certiaaituam
824 4156 1048 4227 emendationem
1068 4157 1202 4230 indagavi.
1241 4159 1347 4214 Omuet
1363 4159 1475 4216 cadicea

151 4239 231 4294 NEU
250 4236 369 4301 habeut,
392 4255 449 4293 nau
473 4237 564 4290 HEU:
590 4252 701 4289 attane
723 4240 922 4294 continuantur
943 4234 992 4287 llla
1016 4239 1126 4306 priora,
1147 4233 1240 4301 Surge
1260 4242 1290 4285 et
1310 4237 1396 4307 sepeli
1415 4255 1474 4289 aa·
1540 4234 1544 4247 ¹

151 4321 213 4365 ium
229 4344 248 4356 -
264 4313 429 4383 Primquam
440 4310 529 4382 fam
546 4313 725 4382 volucresque
741 4342 760 4355 -
776 4312 840 4362 Neu
857 4310 992 4381 reliquias
1004 4308 1041 4360 ob
1056 4315 1097 4360 eis
1112 4309 1245 4361 divexati
1260 4312 1347 4363 ainos.
1386 4312 1474 4365 Porro

150 4405 202 4462 pto
226 4387 370 4441 horrcndit
393 4387 466 4455 illia,
488 4392 617 4438 semiassi
635 4388 729 4455 regis,
756 4388 893 4440 recentior
914 4401 1008 4439 notter
1029 4385 1113 4438 habet
1132 4387 1261 4435 seminari
1280 4392 1423 4458 corporis:
1445 4402 1474 4441 at

150 4462 206 4515 duo
237 4467 394 4529 veterrimi,
424 4479 531 4515 remeas
551 4467 648 4525 sireis,
682 4460 759 4513 nullo
780 4477 876 4515 centu:
906 4459 978 4514 unda
994 4464 1160 4532 posteriores
1177 4458 1285 4511 librarii
1301 4466 1473 4529 comiacrum,

150 4542 175 4591 ti
196 4534 377 4611 diir,placet,
404 4556 500 4607 regem
518 4536 600 4589 nabit
624 4551 818 4608 apparuerunt.
857 4537 1016 4609 ligavero,
1042 4536 1131 4588 multa
1150 4532 1251 4586 moliar
1272 4550 1300 4588 et
1325 4536 1474 4589 humanior

149 4629 272 4684 coquat,
293 4618 335 4667 tic
354 4630 463 4669 vertam
482 4611 584 4666 condio
603 4628 631 4664 et
649 4615 781 4664 reatitaat
1242 4654 1259 4680 ·.

374 4689 450 4741 NEU
468 4689 600 4757 reliquias
638 4686 695 4739 sic
715 4685 813 4739 iudas
833 4685 927 4740 siliis
944 4682 950 4760 Ι
965 4682 1115 4736 denudatis
1129 4680 1136 4759 Ι
1152 4681 1259 4735 mribus

375 4761 499 4815 TuTtta
517 4767 597 4813 sanie
634 4760 773 4812 delibatas
787 4756 794 4834 Ι
802 4757 894 4832 foeda
912 4756 1095 4834 dioexlariar.

150 4834 286 4903 attende,
308 4835 403 4901 radan,
424 4835 458 4889 ad
475 4836 586 4899 literae,
606 4853 714 4889 remeat
731 4839 814 4886 sireis
833 4849 861 4887 et
879 4840 920 4888 rio
938 4853 1016 4887 mear
1031 4838 1116 4887 sirie:
1139 4849 1196 4887 non
1215 4835 1290 4885 enim
1310 4837 1472 4887 coniectura

64 4914 65 4917 ’
150 4929 211 4981 eat,
233 4911 283 4969 aed
307 4912 412 4986 virgula
430 4910 532 4965 diviua.
570 4911 652 4967 Noatl
672 4911 744 4985 apud
763 4924 867 4965 totores
887 4914 983 4985 politae
1002 4925 1080 4962 meat
1097 4907 1322 4983 monosyllabon:
1348 4924 1376 4962 et
1395 4915 1473 4978 ritis,
1540 4932 1544 4939 ·
