3384 5359
689 288 872 393 nn'nrn.
895 327 943 391 v.
1418 329 1481 396 tu

154 473 202 521 tot
229 474 261 522 et
288 472 397 534 tantis,
426 476 510 540 atque
532 471 620 522 etiam
642 486 713 541 φησι
734 466 821 540 plura
841 476 964 541 possunt
988 467 1132 537 accidere,
1158 455 1255 543 potest
1279 447 1486 544 esss‘bapiens]

151 542 275 597 Codices
296 544 411 615 quidam
435 543 541 598 babent
563 549 679 596 amissio
700 562 851 597 carorum:
879 560 907 598 et
934 549 977 599 sic
1002 545 1126 617 loquitur
1147 546 1311 601 Lactantius
1337 564 1485 626 perpetuus

150 621 255 675 Nostri
278 625 421 686 imitator,
446 622 509 673 Dis.
532 622 638 674 institi.
658 620 718 687 111,
741 626 787 678 17.
827 619 952 675 Videbat
971 619 1110 692 Epicurus
1132 621 1213 673 bonis
1234 622 1358 674 adversa
1378 625 1486 694 semper

152 694 301 762 accidere,
316 704 532 769 paupertatem,
548 695 679 762 iabores,
696 696 968 762 exsilia„carorum
982 701 1156 752 antissiones.
1188 696 1267 750 Nihil
1285 713 1376 752 tanuen
1393 715 1486 753 mutos

152 769 205 824 sed
228 775 257 823 iu
276 770 454 845 sequentibus
476 767 576 825 titios‘u
596 775 786 844 interpunctio
801 786 854 838 est,
879 787 949 842 qnae
969 789 1002 824 ex
1021 769 1094 824 bona
1113 776 1251 826 sententis
1271 774 1404 826 insulsam
1424 772 1488 827 red·

153 845 208 899 dit.
246 845 290 900 Tu
309 852 351 902 sic
370 846 524 919 distingue:
549 847 685 898 interitus
696 851 825 917 patriae,
850 847 996 920 exsilium,
1018 853 1144 899 servitus
1161 848 1287 918 denique.
1324 849 1359 901 In
1378 848 1426 900 ius
1440 857 1487 903 tot

151 930 183 974 et
204 929 296 974 suuis
314 952 471 968 -—-
486 929 583 993 potest
601 940 661 974 esse
679 925 801 994 sapiens.
828 921 928 992 Quod,
950 916 999 976 nbi
1018 923 1087 977 hsce
1104 929 1287 997 scripseram,
1307 929 1391 978 etiam
1403 926 1489 978 Lam·

150 995 257 1050 binum
279 1013 354 1051 recte
373 993 492 1049 edidisse
510 996 600 1051 video.

167 1089 173 1098 ⁵
233 1073 316 1128 Csr.
336 1074 371 1126 X.
399 1070 481 1141 Quod
498 1077 524 1123 si
539 1073 640 1142 titulus
654 1070 700 1124 bie
716 1071 839 1124 delectat
855 1077 979 1142 insignis
994 1081 1022 1124 et
1035 1071 1163 1146 ptdcber]
1183 1074 1331 1147 Perperam
1346 1074 1394 1128 bic
1410 1074 1488 1129 Geb-

152 1144 259 1201 hndns
279 1167 311 1206 ea
331 1149 388 1200 suis
401 1144 549 1216 >codicibus
569 1153 678 1222 reponit
695 1146 794 1275 praed:
816 1165 900 1219 quum
919 1147 1086 1214 Lambinus,
1105 1147 1208 1215 Aldus,
1228 1153 1387 1218 Victorius,
1409 1165 1487 1205 tuus·

155 1241 212 1295 qne
232 1223 278 1278 ille
297 1221 384 1277 sodex
403 1228 520 1277 eximius
542 1222 645 1293 QUOS
663 1225 699 1276 ba
720 1238 802 1276 eant:
823 1239 892 1293 quae
914 1229 1070 1277 certissima
1089 1223 1174 1278 lectio
1191 1240 1242 1278 est.
1273 1263 1277 1272 .

234 1297 325 1353 Ibid.
349 1299 448 1368 Neque
467 1300 541 1354 bunc
562 1307 592 1351 et
609 1298 677 1351 baec
695 1300 771 1369 loqui
788 1308 942 1370 quaesunt
961 1306 1060 1368 magni
1079 1299 1222 1351 euirssdam
1241 1309 1270 1354 et
1288 1301 1341 1353 alst·
1358 1305 1434 1366 uiri,
1457 1308 1487 1353 et

153 1373 255 1427 eadem
272 1392 342 1446 quae
359 1374 464 1441 uulgus
481 1374 610 1426 inbonis
628 1383 657 1426 et
675 1375 760 1427 maiis
777 1389 943 1442 munerare,
964 1375 1078 1427 concedi
1096 1374 1152 1429 ullo
1169 1375 1252 1428 modo
1267 1380 1375 1448 potest]
1402 1378 1487 1430 Recte

153 1448 283 1504 observas
303 1448 372 1503 iliud
388 1449 490 1502 HUNG
506 1466 564 1503 non
579 1466 661 1523 posse
682 1451 730 1503 hie
748 1448 843 1504 locum
864 1448 980 1504 babere:
1007 1468 1092 1521 quum
1111 1468 1169 1504 non
1189 1449 1221 1504 de
1241 1468 1297 1504 uno
1317 1451 1421 1523 aliquo,
1439 1450 1488 1505 sed

154 1526 192 1577 sie
221 1525 346 1598 pluribus
376 1523 445 1577 baec
473 1522 611 1580 dioantur.
657 1526 777 1600 Reponis
800 1530 888 1598 igitur
911 1543 945 1580 ex
970 1524 1068 1580 codice
1090 1541 1155 1592 tuo,
1182 1527 1347 1596 NAMQUE
1369 1536 1398 1581 et
1417 1526 1486 1580 baec

154 1601 233 1672 loqui
432 1601 546 1653 concedi
567 1600 697 1657 NULLO.
716 1599 799 1653 modo
818 1609 924 1673 potest.
962 1597 1080 1676 Propius
1106 1617 1200 1655 tamen
1224 1600 1339 1656 accedes
1363 1603 1396 1655 ad
1420 1601 1487 1656 reli·

156 1693 228 1749 quos
246 1674 374 1740 codices,
400 1679 424 1728 si
445 1681 487 1729 sic
506 1680 619 1749 legerint
647 1676 743 1748 Neque
764 1674 876 1729 ENIM
890 1685 920 1729 et
935 1675 1004 1731 baec
1022 1678 1098 1750 ioqui
1294 1676 1409 1731 concedi
1427 1676 1487 1732 ullo

154 1749 240 1804 modo
256 1758 361 1823 potest.
400 1750 483 1820 Quod
498 1770 531 1812 ,et
553 1751 704 1823 elegantius
725 1767 776 1805 est.

233 1827 315 1882 Car.
333 1812 386 1879 iil·
413 1827 481 1878 Non
497 1845 551 1896 ego
567 1825 694 1879 hocloco
709 1826 742 1878 iti
754 1825 941 1899 quaerendum
953 1833 1040 1898 puto,
1058 1845 1192 1879 verumne
1210 1833 1266 1895 sit,
1288 1827 1363 1900 qnod
1376 1826 1487 1881 Zenoni

151 1902 311 1976 placuerit,
330 1899 455 1973 quodque
466 1907 527 1955 eius
540 1902 668 1972 auditori
680 1905 828 1967 Aristoni,
851 1901 960 1956 Bonum
975 1919 1035 1954 esse
1049 1902 1140 1955 saltem
1154 1896 1228 1974 quod
1238 1903 1385 1970 bonestum
1395 1911 1487 1955 esset:

154 1976 217 2044 sed,
237 1981 261 2029 si
283 1981 326 2028 ita
347 1985 430 2043 esset,
453 1993 511 2032 tum
530 1994 562 2031 ut
583 1975 635 2030 boc
653 1985 745 2031 totum
763 1978 852 2029 Beate
872 1982 972 2029 vivere
990 1983 1021 2029 in
1039 1997 1096 2030 una
1112 1983 1220 2032 virtute
1239 1980 1367 2053 poneret]
1395 1978 1488 2033 Multa
1555 2001 1565 2020 a

154 2053 206 2107 bic
225 2066 387 2126 peccantur.
424 2054 550 2107 Primum
572 2053 639 2106 iilud
655 2062 776 2125 poneret
791 2069 846 2124 quo
863 2050 1055 2107 referendum?
1076 2058 1100 2106 si
1120 2052 1155 2108 ad
1171 2059 1329 2108 Aristonem
1348 2070 1377 2108 et
1396 2053 1488 2110 Zeno-

154 2145 226 2258 iii
244 2126 1378 2278 iiiiiiiiiiii‘)iiiiiiniiii{iti't‘iitpiit‘iiiit
1392 2147 1487 2259 itii:
1548 2141 1551 2148 ’

568 2241 576 2257 .
1188 2244 1197 2271 ,
1509 2250 1513 2258 .

154 2278 267 2348 beatam
288 2283 374 2331 risam
393 2282 423 2331 in
441 2294 496 2332 una
519 2284 622 2334 virtute
641 2295 792 2352 ponerentr
820 2295 906 2352 quum
931 2276 960 2333 id
990 2296 1037 2333 eos
1063 2295 1225 2334 constanter
1252 2279 1352 2335 iecisse
1375 2294 1403 2333 et
1426 2285 1486 2352 ipse

156 2371 240 2428 saepe
258 2353 376 2421 dixerit,
396 2369 424 2408 et
441 2372 483 2408 res
499 2359 535 2408 sit
549 2357 718 2409 notissima?
743 2353 850 2407 Deinde
866 2360 951 2409 series
970 2370 998 2407 et
1015 2353 1144 2428 epodosis
1159 2360 1294 2409 orationis
1311 2371 1353 2410 est
1368 2360 1487 2411 vitiosus

154 2431 242 2497 Non,
271 2432 379 2500 inquit,
402 2431 589 2501 quaerendum
604 2440 691 2504 puto,
712 2448 842 2483 verumne
863 2436 918 2490 sits
942 2429 994 2481 sesi
1015 2446 1075 2484 tum
1096 2445 1136 2484 ut.
1174 2430 1256 2486 Vides
1276 2436 1350 2497 iam,
1376 2435 1487 2504 opinor,

155 2502 195 2562 τὸ
217 2504 455 2563 ἁνακολουθονι
479 2505 553 2579 quod
575 2522 603 2559 et
622 2503 791 2571 Lambinus,
814 2522 895 2559 acute
920 2504 1060 2559 interdum
1085 2523 1217 2571 cernens,
1244 2506 1292 2586 ubp'
1314 2511 1401 2560 ceteri
1423 2522 1487 2559 cae-
1512 2499 1514 2502 ’

155 2585 284 2648 cntiunt,
302 2595 378 2652 recte
397 2580 610 2636 animsdrertit':
632 2581 700 2654 legis
719 2585 795 2633 enim
811 2590 871 2633 tum
887 2588 991 2636 retrrtm.
1029 2583 1114 2635 Recte
1131 2582 1200 2648 boc,
1221 2588 1246 2636 si
1265 2581 1349 2637 modo
1370 2596 1397 2636 et
1417 2579 1488 2634 iliud
1583 2629 1584 2632 ,

155 2661 272 2728 insuper
291 2659 492 2728 perspexisset,
519 2656 603 2709 aliam
624 2672 685 2710 tum
708 2662 863 2710 sententiae
880 2653 1050 2710 medicinam
1068 2654 1255 2711 adhibendum
1276 2676 1350 2713 esse:
1373 2662 1486 2730 quippe,

156 2732 196 2784 SI
213 2736 257 2782 ita
277 2739 367 2796 esset,
393 2746 424 2784 ut
441 2732 548 2785 Zenoni
564 2731 687 2805 placuit,
704 2730 810 2786 bonnm
829 2749 890 2785 esse
909 2731 1017 2797 solum,
1041 2729 1116 2803 quod
1131 2732 1292 2795 honestum:
1315 2732 1391 2788 nulla
1414 2733 1487 2786 ultra

156 2811 288 2878 quaestio
309 2805 399 2871 foret,
426 2823 521 2861 utrum
543 2813 599 2862 rita
620 2806 702 2860 beata
722 2811 752 2859 in
773 2824 827 2860 una
850 2810 953 2859 virtute
973 2812 1149 2861 consisteret.
1193 2810 1265 2882 Lege
1286 2813 1373 2882 igitur
1395 2824 1487 2862 totum

155 2883 269 2936 locum:
294 2882 363 2936 Non
382 2897 438 2950 ego
458 2882 510 2936 bac
531 2883 592 2938 loco
613 2882 646 2935 id
664 2881 850 2953 quaerendum
868 2890 956 2948 puto,
979 2900 1113 2934 verumne
1134 2887 1189 2948 sit,
1328 2895 1331 2898 ’
1386 2883 1487 2935 bomem

155 2975 218 3030 esse
235 2960 343 3023 solum,
362 2957 435 3027 quod
451 2957 597 3011 honestum
614 2966 704 3010 esset:
726 2956 791 3024 sed,
817 2958 867 3010 NI
884 2961 927 3009 ita
945 2944 1038 3022 esset,
1059 2957 1201 3011 UTRUM
1216 2955 1273 3032 (vel
1290 2955 1485 3031 RECTENE)

156 3033 210 3087 boc
235 3042 327 3088 totum
350 3032 433 3102 beate
456 3039 555 3086 vivere
579 3040 610 3086 in
634 3052 691 3086 una
715 3038 823 3085 virtute
848 3029 1089 3086 PONERETUR.
1131 3034 1194 3087 Hoc
1216 3051 1314 3106 nempe
1338 3031 1407 3086 illud
1431 3048 1485 3104 est,

155 3107 233 3182 qnod
248 3111 449 3181 Peripateticos
467 3114 573 3182 tangit;
596 3114 659 3181 qui,
678 3124 763 3180 quum
783 3123 917 3181 negarent
933 3107 1024 3162 solum
1041 3108 1145 3162 bonum
1161 3125 1220 3162 esse
1236 3106 1310 3181 quod
1325 3108 1487 3180 honestum,
1545 3099 1555 3114 ⁴

153 3185 271 3239 beatam
289 3199 381 3237 tamen
403 3188 488 3238 vitam
511 3185 569 3238 sola
591 3190 693 3238 virtute
712 3184 848 3258 compleri
870 3182 1025 3239 voluerunt.

233 3260 313 3314 Car.
333 3259 400 3313 xli.
427 3261 523 3332 Neque
541 3265 615 3312 enirn
631 3260 786 3314 laetabitur
805 3278 942 3331 rusqssam,
964 3276 1017 3314 nec
1036 3257 1174 3312 maerebit
1190 3263 1285 3325 nintis,
1340 3289 1350 3304 ι

386 3333 470 3404 Quod
486 3353 594 3408 semper
610 3340 642 3388 in
661 3354 691 3387 se
711 3340 773 3409 ipso
793 3352 902 3389 omnem
917 3352 996 3407 spem
1012 3342 1129 3405 reponet
1146 3333 1204 3406 sui]
1284 3355 1287 3360 ·
1314 3361 1315 3366 =

154 3406 317 3484 Legendum
336 3425 420 3482 puto:

383 3477 481 3557 Neque
498 3490 570 3537 enim
588 3484 741 3536 laetabitur
758 3502 895 3557 unquam,
915 3483 1000 3536 AUT
1016 3482 1151 3534 maerebit
1168 3486 1262 3550 nimis,

384 3561 469 3630 Quod
482 3579 588 3633 semper
606 3567 637 3612 in
656 3579 686 3612 se
703 3558 790 3612 IPSE
806 3578 916 3612 omnem
933 3577 1009 3629 spem
1024 3567 1111 3630 ponet
1128 3563 1182 3614 sui.

157 3637 222 3710 Ipse
240 3651 316 3690 recte
337 3634 422 3689 babet
444 3639 585 3689 Victorius
611 3653 675 3689 cuns
700 3650 749 3688 tuo
771 3633 884 3689 codice:
910 3634 1000 3687 Ponet
1019 3650 1048 3688 tu
1068 3638 1176 3707 egregie
1196 3637 1346 3707 reposuisti
1369 3631 1486 3706 exlege

156 3716 252 3766 metri.
290 3713 323 3768 ln
342 3716 434 3784 priore
457 3727 537 3766 seran
555 3720 606 3763 aut
625 3729 674 3784 pro
693 3729 746 3763 nea
760 3709 915 3764 substituot
934 3726 1016 3774 nam,
1039 3708 1114 3781 quod
1134 3724 1165 3764 tu
1183 3713 1366 3783 excogitasti,
1384 3714 1488 3762 immo-

158 3786 286 3842 dulatum
306 3802 347 3841 est
368 3802 395 3840 et
416 3785 568 3851 absonum,
592 3792 644 3839 etsi
664 3785 700 3838 ad
718 3787 821 3859 digitos
841 3791 952 3840 numeri
970 3783 1164 3859 respondeant.

167 3869 170 3874 ⁴
234 3863 314 3917 Car.
335 3862 417 3916 xm.
444 3863 514 3914 Alia
527 3880 636 3935 semper
653 3868 766 3919 virent,-
785 3862 846 3913 alt'a
861 3859 948 3912 bieme
963 3860 1083 3926 nudata,
1101 3879 1191 3913 verno
1208 3869 1331 3930 tempore
1351 3855 1487 3931 tepefacta

155 3935 357 4005 frondescunt]
384 3936 479 3991 Codes
505 3952 567 4014 tuus
597 3956 629 3989 ex
658 3941 791 4011 optimis,
823 3935 1067 3992 PATEFACTA.
1105 3942 1150 3992 An
1175 3937 1230 3990 boc
1254 3935 1357 3989 voluit:
1386 3934 1420 3989 V
1417 3951 1486 3986 erno

156 4022 284 4085 tempore
300 4012 453 4087 patefacto
466 4010 683 4084 frondescunt?
705 4027 736 4066 ut
755 4012 902 4066 Lueretius
921 4013 950 4073 1,
973 4019 1019 4068 10.

383 4088 461 4140 Nam
478 4089 565 4139 simul
578 4106 612 4140 ac
630 4092 737 4160 speeies
756 4085 894 4160 patefacta
912 4103 956 4140 est
974 4101 1057 4139 terna
1076 4084 1144 4154 diet,

384 4163 424 4215 Et
442 4171 572 4215 reserata
589 4168 672 4232 viget
689 4161 854 4232 genitabilis
871 4179 945 4214 aura
964 4162 1081 4215 bavoni.

156 4238 213 4295 bed
234 4239 307 4294 nihil
330 4253 431 4293 temere
452 4237 660 4292 sollicitandum
683 4238 813 4298 arbitror.

234 4313 324 4369 Ibid.
351 4316 407 4366 liic
429 4319 527 4384 igitur·
544 4311 680 4388 (animus)
701 4320 728 4365 si
749 4321 793 4364 est
815 4312 958 4378 excultus,
985 4318 1014 4363 et
1034 4316 1061 4362 si
1079 4315 1139 4362 eins
1158 4313 1234 4361 acies
1251 4312 1295 4361 ita
1314 4315 1416 4360 curata
1433 4315 1488 4374 est,

156 4400 190 4443 ut
208 4409 243 4443 ne
267 4405 427 4443 caecaretur
452 4390 611 4454 erroribus,
634 4387 679 4463 fit
701 4387 834 4460 perfecta
860 4389 950 4456 mens]
977 4388 1070 4455 Quum
1096 4391 1201 4457 priores
1227 4384 1363 4438 editionei
1388 4400 1486 4436 omnes

155 4464 361 4520 CAECETUR
382 4464 547 4532 habuerint,
574 4480 690 4536 tuusque
711 4463 798 4517 codex
819 4467 958 4537 optimus;
981 4460 1146 4517 Gebhardus
1169 4476 1387 4514 emodenorum
1408 4458 1487 4511 codi-

154 4559 219 4597 cum
248 4557 342 4594 amore
369 4539 469 4594 duetus
498 4549 665 4593 caecaretur
689 4539 878 4612 interpolavit.
923 4536 999 4606 Quid
1025 4538 1080 4590 hoc
1105 4539 1219 4594 homine
1245 4533 1348 4602 iacias,
1379 4532 1425 4606 qui
1452 4552 1487 4587 ne

154 4633 316 4691 temporum
336 4615 447 4688 quidem
468 4620 605 4670 rationem
623 4629 728 4678 serrem
748 4631 867 4687 quornm
882 4612 991 4688 regulae
1008 4617 1037 4665 in
1053 4617 1122 4687 ipsis
1140 4615 1347 4668 Grammaticos
1366 4609 1489 4663 elemen-

154 4696 192 4747 ὼ
211 4692 412 4822 ἀῗῖοῑῗῃὲξῐν.
439 4767 488 4818 An
506 4764 620 4817 dubium
638 4771 697 4827 est,
715 4766 781 4834 quin
799 4721 873 4816 nibil
887 4766 927 4815 sit
946 4761 1101 4814 habendum
1119 4766 1150 4812 in
1166 4780 1199 4814 eo
1215 4778 1334 4830 genere,
1353 4728 1406 4830 quo
1421 4763 1487 4809 uita

117 4832 124 4839 ⁸
154 4843 240 4896 beata
258 4840 471 4916 complectitur,
495 4845 522 4893 si
535 4840 568 4893 id
578 4845 672 4912 possit
687 4839 814 4909 emissit]
837 4839 877 4894 ,ln
897 4843 993 4910 priscis
1011 4836 1182 4891 editionibus
1201 4833 1356 4899 ferebatur,
1376 4831 1487 4903 QUOD

154 4924 220 4971 vita
238 4917 323 4971 beata
344 4918 549 4989 complectitur.
586 4915 737 4969 Lambinus
759 4931 844 4989 quum
868 4917 899 4970 in
920 4912 1066 4969 codicibus
1088 4918 1147 4969 tuis
1166 4915 1314 4988 reperisset
1338 4908 1435 4982 QUO,
1454 4923 1487 4964 et
