3384 5359
96 290 103 307 ⁸
189 301 265 367 sou
465 298 857 373 TUSCULANARUM
881 299 1276 369 ulsPtJ‘tattouuut

196 453 307 529 nogat.
351 439 444 526 Quae
465 450 515 506 est
535 439 638 525 igitur
660 438 821 507 umentia?
853 453 889 508 ut
910 462 971 514 nos
992 462 1124 528 quoque
1144 441 1228 505 idem
1250 442 1291 506 ab
1311 439 1395 506 tuis*
1417 441 1542 527 requi·

195 559 317 606 remiss.
372 535 426 601 72.
462 536 527 599 Sed
546 535 654 618 plures
676 547 749 601 sunt
776 557 890 600 caussae
911 535 1103 619 suscipiendi
1124 536 1260 601 doloris.
1304 537 1450 605 Primum
1473 537 1541 601 itta

83 656 86 665 ’
128 640 134 651 ”
198 634 311 719 opinio
332 629 425 706 mali,
458 651 525 717 quo
547 629 617 695 riso
640 642 736 717 atque
755 651 912 716 persuaso
935 632 1104 717 aegritudo
1126 631 1303 717 insequitur
1324 632 1542 696 necessario:

134 785 137 803 ‚
198 727 312 802 deinde
333 728 428 790 etiam
451 737 577 811 gratum
600 724 732 788 mortuis
754 726 810 789 sel
831 724 959 802 iacere,
982 725 1011 790 si
1032 725 1177 811 graviter
1197 748 1254 791 eos
1276 726 1418 812 lugeant,
1441 726 1541 789 arbi·

196 810 336 893 tuantur.
389 817 526 882 Accedit
546 816 741 903 superstitio
756 818 920 884 muliebris
941 822 1113 905 quaedam:
1136 820 1317 883 existimant
1339 819 1443 896 enim,
1467 820 1541 884 diis

196 914 430 985 immortalibus
452 934 486 976 se
501 912 627 977 facilius
641 913 880 990 satisfacturos,
904 914 932 977 si
953 935 1065 979 eorum
1084 915 1179 1001 plaga
1194 914 1365 998 perculsi³‚
1390 915 1537 979 afflictos

197 1034 234 1076 se
255 1022 287 1075 et
308 1011 450 1077 stratonl
471 1029 543 1072 esse
564 1007 737 1073 fateantur.
782 1007 846 1070 Sed
867 1009 947 1072 baec
968 1007 1051 1072 inter
1072 1029 1107 1071 se
1129 1030 1224 1093 quam
1239 1020 1429 1094 repugnent,
1452 1008 1536 1092 ple-

198 1108 290 1197 rique
322 1127 387 1170 non
419 1106 540 1173 vident.
585 1104 733 1173 Laudant
761 1101 846 1164 enim
876 1123 954 1180 eos,
990 1102 1045 1188 qui
1074 1123 1178 1188 aequo
1200 1102 1306 1166 animo
1330 1104 1535 1169 moriantur:

197 1203 254 1290 qui
266 1200 394 1269 alterius
409 1188 546 1267 mortem
561 1217 667 1284 aequo
680 1195 785 1260 animo
795 1195 922 1272 ferant,
947 1218 1004 1261 eos
1019 1207 1132 1279 putant
1143 1196 1388 1280 vituperandos.
1425 1197 1536 1278 erasi

197 1296 269 1363 fleri
289 1298 359 1362 ullo
380 1298 478 1361 modo
500 1291 620 1377 possit,
655 1294 745 1376 quod
765 1291 797 1354 in
820 1292 978 1357 amatorio
1000 1312 1148 1357 sermone
1171 1293 1233 1356 dici
1253 1293 1355 1368 solet,
1378 1301 1415 1354 ut
1436 1289 1533 1376 quis-

198 1412 291 1475 quam
313 1394 385 1476 plus
409 1392 542 1455 alterum
565 1386 696 1472 diligat,
718 1407 813 1473 quam
836 1406 884 1449 se.
929 1388 983 1451 tt.
1007 1387 1214 1457 Praeclarum
1235 1386 1313 1451 illud
1336 1397 1401 1461 est,
1424 1398 1476 1461 et,
1500 1385 1536 1448 si

197 1487 343 1574 quoeris,
378 1497 500 1551 rectum
530 1502 661 1568 quoque
693 1493 724 1545 ct
754 1501 885 1557 verum,
919 1491 956 1544 ut
976 1502 1051 1564 eop,
1087 1482 1142 1567 qui
1164 1482 1257 1546 uobis
1279 1479 1433 1545 carissimi
1453 1501 1534 1543 esse

196 1583 350 1660 debeant,
388 1602 489 1666 aeque
518 1601 555 1642 ac
577 1575 812 1659 nosmetipsos
835 1597 995 1639 amemus:
1032 1577 1088 1639 ιιῐε
1112 1596 1191 1640 vero
1212 1576 1306 1658 plus,
1343 1575 1414 1639 fieri
1434 1573 1532 1639 nullo

193 1687 291 1758 pacto
313 1686 434 1758 potest.
488 1674 538 1737 Nc
561 1672 734 1753 optandum
755 1668 883 1753 quidem
905 1680 954 1733 est
980 1672 1014 1734 iu
1039 1669 1192 1745 amicitia,
1216 1681 1252 1732 ut
1274 1692 1324 1735 me
1348 1670 1401 1734 ille
1429 1670 1529 1751 plus,

194 1790 296 1857 quam
318 1770 387 1846 se⁸;
419 1788 483 1854 ego
514 1765 604 1829 illum
632 1764 730 1848 plus,
764 1785 858 1847 quam
882 1785 953 1827 me:
986 1763 1187 1848 pertrubatio
1208 1761 1314 1841 vitae,
1347 1762 1439 1830 siita
1457 1763 1527 1838 sit,

194 1875 290 1952 atque
314 1862 492 1929 officiorum
518 1855 658 1929 omnium
680 1869 910 1943 consequatur.

280 1958 399 2022 XXX.
422 1955 488 2018 Sed
512 1956 550 2017 de
575 1951 761 2037 hocaliasa
785 1972 869 2014 nunc
892 1950 974 2014 illud
1000 1949 1075 2016 satis
1103 1965 1172 2030 est,
1195 1974 1260 2018 non
1286 1952 1458 2017 attribuere
1485 1954 1530 2015 ad

194 2052 395 2119 amissionem
410 2049 583 2115 amicorum
596 2044 756 2113 miseriam
770 2057 933 2122 nostram,
958 2067 997 2110 ne
1014 2046 1088 2111 illos
1105 2048 1200 2130 plus,
1224 2068 1319 2134 quam
1336 2047 1398 2132 ipsi
1414 2046 1527 2123 velint,

170 2134 174 2141 ’
192 2145 385 2221 aisantiant,
410 2144 482 2228 plus
498 2154 603 2217 certe,
627 2161 721 2226 quam
736 2139 984 2223 nosmetipsos,
1008 2140 1187 2226 diligamus.
1224 2143 1305 2205 Nam
1320 2144 1409 2226 quod
1423 2142 1526 2218 aismt,

191 2241 369 2326 plerosque
383 2230 657 2303 consolationibus
673 2233 753 2299 nihil
768 2233 888 2311 levari,
913 2234 1171 2321 adiunguntque,
1196 2236 1419 2300 consolatores
1433 2234 1529 2316 ipsos

192 2333 340 2401 confiteri
354 2354 389 2397 se
403 2330 579 2406 miseros⁷,
604 2350 701 2415 quum
723 2329 762 2390 ad
781 2349 838 2393 eos
859 2328 1011 2411 impetum
1029 2352 1119 2392 sunm
1135 2331 1286 2394 (οτιιιιιει8
1306 2329 1528 2403 converterita

190 2441 362 2514 utrumque
389 2424 589 2491 dissolvitur.
634 2423 716 2487 Sunt
741 2421 823 2486 enim
846 2424 907 2486 itta
928 2443 992 2486 non
1018 2436 1149 2487 naturae
1176 2423 1271 2501 vitia,
1295 2427 1352 2487 sed
1373 2422 1527 2505 culpae⁹.

148 2517 150 2529 '
193 2522 363 2591 Stultitiam
386 2532 490 2584 autem
513 2518 664 2581 accusa're
682 2515 831 2609 [quamvis
854 2516 988 2598 copiose
1009 2516 1097 2581 licet.
1155 2519 1238 2581 Nam
1260 2527 1293 2581 ct
1314 2517 1368 2604 qui
1389 2538 1454 2579 non
1477 2515 1528 2579 le·

192 2628 328 2691 rantur,
351 2614 412 2697 ipsi
427 2616 531 2677 udae
554 2609 710 2675 miseriam
718 2612 746 2652 ¹⁰
767 2610 923 2675 invitante
947 2623 980 2675 et
1001 2611 1056 2696 qui
1076 2632 1153 2699 suos
1175 2632 1266 2675 casus
1289 2612 1378 2675 aliter
1400 2612 1524 2685 ferum,

191 2721 290 2796 atque
310 2720 347 2774 ut
368 2719 516 2772 auctores
538 2706 608 2769 aliis
617 2707 644 2746 ¹¹
666 2704 898 2788 ipsissimum,
930 2727 995 2768 non
1017 2717 1089 2769 sunt
1112 2705 1311 2783 vitiosiores,
1337 2725 1430 2791 quam
1451 2704 1527 2768 iere

111 2878 114 2885 ι
189 2801 356 2888 plerique,
380 2800 436 2890 qui
449 2800 539 2865 avari
560 2819 695 2874 avaros,
721 2799 846 2882 gloriae
868 2798 1003 2881 cupidos
1026 2798 1164 2885 gloriosi
1184 2801 1434 2881 reprehendunt.
1461 2799 1528 2862 Est

190 2898 275 2964 euim
286 2897 454 2981 proprium
465 2892 638 2969 stultitiae,
655 2892 791 2957 aliorum
804 2891 881 2956 vitia
893 2913 1045 2969 cernere,
1062 2892 1209 2957 oblivisci
1223 2906 1367 2958 suorum.
1394 2894 1445 2956 lit.
1459 2892 1525 2954 Sed

170 3030 173 3039 ·
189 2990 336 3057 nimirum
354 2991 417 3055 hoc
440 2987 610 3057 maximum
635 2997 685 3050 cst
698 2985 953 3068 experimentum
963 2989 1013 3064 ¹²,
1037 3009 1135 3073 quum
1150 2998 1277 3052 constet
1291 2980 1525 3071 aegritudinem

190 3095 347 3153 vetustate
365 3083 455 3161 tolli,
478 3085 561 3146 banc
579 3079 644 3144 vim
666 3100 731 3145 non
750 3100 820 3143 esse
836 3079 1104 3164 indispositam,
1120 3084 1179 3145 sed
1195 3082 1227 3146 in
1239 3079 1436 3167 cogitatione
1452 3079 1525 3143 diu·

189 3178 330 3241 turna¹³.
374 3178 457 3243 Nam
476 3176 502 3238 si
524 3175 590 3238 etil
611 3174 720 3236 eadem
745 3194 798 3239 res
820 3188 888 3252 est,
912 3187 943 3239 et
964 3176 1048 3240 idem
1072 3189 1121 3239 est
1145 3178 1245 3240 homo
1254 3177 1301 3238 ¹⁵2
1337 3176 1391 3259 qui
1413 3185 1523 3258 potest

188 3272 361 3359 quidquam
382 3275 421 3337 de
444 3272 558 3336 dolore
578 3267 715 3345 mutari,
738 3267 767 3333 si
787 3289 891 3355 neque
907 3272 946 3334 de
962 3290 1022 3348 eo,
1045 3272 1285 3355 propterquod
1306 3271 1406 3346 dolet,
1431 3269 1523 3354 quid·

65 3442 68 3447 p
189 3386 285 3452 quiam
301 3379 350 3430 est
364 3376 538 3443 mutatum,
562 3383 665 3449 neque
687 3365 728 3427 de
749 3384 810 3440 eo,
834 3363 891 3450 qui
913 3364 1026 3429 dolet?
1049 3363 1216 3451 Cogitatio
1239 3364 1338 3449 igitur
1358 3363 1520 3439 diuturna,

188 3458 270 3525 nihil
291 3481 361 3523 esse
382 3460 472 3523 inre
495 3456 584 3536 mali,
608 3455 717 3521 dolori
738 3459 905 3534 medetur,
929 3480 995 3523 non
1016 3458 1085 3542 ipsa
1106 3458 1308 3523 diuturnitas.

273 3552 411 3618 XXXI.
436 3551 502 3615 Hic
518 3550 601 3615 ,mitt
615 3551 790 3614 afferunt¹⁶
812 3552 1060 3617 mediocritates.
1104 3554 1195 3635 Quae
1217 3553 1245 3617 si
1260 3554 1420 3618 naturales
1434 3565 1519 3631 sunt,

189 3646 266 3735 quid
288 3668 369 3730 opus
391 3643 707 3724 est'consolatioue?
730 3646 853 3711 Natura
875 3645 957 3710 enim
972 3646 1042 3730 ipsa
1064 3647 1243 3712 terminabit
1251 3648 1277 3689 ¹⁷
1299 3651 1449 3712 modum:
1473 3649 1522 3710 siu

190 3739 388 3823 opinabiles,
412 3738 523 3823 opinio
546 3750 615 3802 tota
635 3738 780 3803 tollatur.
825 3738 908 3803 Satis
927 3739 1056 3804 dictum.
1067 3763 1136 3805 esse
1158 3742 1320 3821 arbitror,
1344 3742 1521 3828 aegritudi-

262 3902 301 3968 (t)
320 3899 369 3955 Sta
393 3897 446 3956 cd.
470 3900 536 3955 Urs.
556 3898 636 3958 DW.
657 3905 684 3957 2.
700 3927 742 3944 -
759 3899 797 3952 ab
814 3902 883 3954 eltis
901 3902 1013 3971 Ceteri,
1038 3909 1123 3958 ettam
1143 3903 1171 3979 b.
1192 3905 1223 3959 l..
1274 3905 1313 3974 (³)
1330 3924 1370 3959 =
1386 3923 1417 3957 se
1435 3912 1521 3961 mort.

187 3974 394 4033 altssscvntt.
432 3972 472 4051 (³)
491 3980 672 4049 -percussi
691 3976 786 4042 021„
806 3981 849 4031 uti
869 3978 978 4033 volebat
996 3981 1064 4034 Ern.
1103 3981 1141 4047 (⁴)
1159 4008 1199 4021 ·-
1208 3978 1332 4051 fractos
1350 3980 1426 4037 Letd.
1448 3982 1522 4040 051.

186 4049 225 4126 (ὅ)
244 4068 308 4104 uum
336 4050 406 4106 Cdd.
436 4052 501 4122 aliq.
527 4054 652 4105 Iuntina.
679 4051 773 4108 MLD.
792 4051 864 4105 tut.
885 4063 912 4110 t.
937 4055 991 4110 W.
1019 4063 1047 4113 2.
1067 4083 1106 4101 -
1123 4064 1156 4107 at
1175 4057 1208 4109 R.
1228 4054 1403 4110 Passsucu
1429 4054 1521 4111 Gebh.

188 4122 226 4194 (ὃ)
246 4125 294 4180 Sic
313 4128 346 4182 tt.
365 4130 412 4194 (οι
429 4141 491 4180 mes
513 4124 689 4200 collnttone.)
710 4125 772 4180 Col.
791 4127 860 4181 VM.
874 4129 967 4183 Gebb.
989 4132 1023 4185 D.
1045 4141 1071 4190 1.
1091 4132 1144 4184 W.
1164 4136 1279 4186 2.-se
1296 4139 1373 4183 arnas
1391 4133 1437 4199 (u.
1450 4147 1522 4185 teate

185 4201 292 4268 anuh.)
311 4201 484 4257 PARSECL.
503 4230 541 4248 -
558 4210 647 4254 semet
664 4198 736 4256 cdd.
756 4201 821 4274 aliq.
842 4202 911 4257 tati.
941 4201 987 4331 (7)
1007 4230 1044 4246 -
1061 4223 1092 4257 ae
1109 4218 1168 4258 essa
1187 4212 1250 4259 mis.
1270 4207 1303 4260 t..
1322 4206 1407 4260 aolus.
1426 4206 1465 4275 (⁸)
1485 4235 1522 4251 -

187 4292 245 4330 om.
256 4275 386 4348 fortuna
404 4275 587 4333 cddmultt.
608 4279 638 4332 P.
658 4275 776 4353 (D.[].)
795 4278 836 4353 (⁹)
855 4305 895 4323 ι·
909 4296 940 4330 ae
978 4281 1119 4333 stultitiae
1138 4281 1168 4337 (i.
1189 4286 1218 4334 ln
1239 4299 1277 4335 tn.
1298 4286 1381 4343 1584.
1401 4283 1452 4349 (¹⁰)
1472 4281 1522 4336 Sic

185 4349 237 4407 Cd.
265 4351 327 4407 lira.
353 4350 408 4407 Db.
439 4352 510 4408 Lali.
536 4351 590 4411 W·
620 4357 650 4406 tn
674 4353 727 4407 Ed.
753 4369 812 4410 sec.
839 4359 866 4409 2.
886 4358 936 4421 (so
963 4358 1019 4428 ipsi
1036 4374 1067 4408 se
1085 4355 1126 4408 ad
1142 4355 1521 4429 ...teneramunda

184 4427 311 4503 Nissen.)
330 4455 369 4471 -
387 4432 443 4501 ipsi
460 4434 606 4482 miseriam
623 4429 676 4489 W.
702 4434 732 4482 tn
750 4427 802 4484 Ed.
822 4447 864 4503 pr.
883 4458 922 4472 ·—
940 4435 995 4502 ipsi
1013 4431 1054 4484 ad
1069 4437 1131 4488 mis.
1150 4433 1179 4485 b.
1199 4434 1233 4485 V.
1252 4431 1343 4486 Gebb.
1363 4441 1392 4490 1.
1409 4432 1448 4478 -'-
1466 4436 1523 4505 ipsi

185 4503 261 4556 altos
278 4501 319 4557 ad
334 4520 371 4557 m.
391 4503 597 4561 Paatncttt..
637 4503 689 4571 (¹¹)
713 4504 763 4559 Sic
782 4504 810 4559 b.
831 4522 895 4558 cum
915 4505 978 4560 aliia
998 4505 1069 4562 cdd.
1089 4509 1121 4562 P.
1142 4508 1233 4563 Gebh.
1253 4507 1308 4562 Db.
1329 4507 1400 4560 Lull.
1420 4509 1473 4566 W.
1493 4515 1523 4565 2.

183 4601 223 4641 =
241 4587 274 4631 ut
296 4579 363 4631 atto
387 4587 464 4633 auct.
492 4578 700 4635 ABSECVML.
724 4608 765 4625 -·
782 4578 836 4635 del.
856 4589 889 4633 ut
907 4582 960 4637 Da.
983 4592 1009 4640 1.
1059 4583 1111 4651 (ὓ)
1129 4612 1168 4626 -
1186 4581 1399 4655 exprimendum
1417 4584 1449 4636 tt.
1467 4584 1521 4641 Gr.

185 4654 249 4710 titt.
269 4656 302 4708 V.
322 4651 377 4709 sed
396 4650 457 4710 tum
476 4654 547 4730 lega
567 4653 619 4706 too
637 4659 760 4708 maxims
777 4664 821 4709 est
834 4658 1066 4729 exprimendum,
1084 4658 1166 4726 „hoo
1181 4663 1301 4712 maxime
1314 4656 1431 4731 cogendi
1445 4674 1524 4727 sunt,-

184 4744 217 4785 nt
235 4726 405 4784 ostentmst
435 4729 495 4807 (1³)
514 4756 549 4774 -
568 4729 672 4782 dimna
691 4730 738 4784 hic
758 4746 785 4785 et
806 4729 894 4798 inira,
913 4733 944 4786 tt.
965 4728 1057 4790 cetu.
1095 4732 1204 4808 (13)-
1223 4751 1281 4789 om.
1297 4743 1327 4786 et
1345 4733 1518 4790 rausum..

185 4829 223 4849 a·
241 4812 270 4856 et
287 4810 313 4856 st
331 4804 394 4860 aad.
413 4805 483 4862 VM.
515 4804 579 4881 Ι(15)
597 4826 637 4864 ·.-,·
656 4805 739 4859 domo
757 4815 800 4859 est
820 4807 968 4863 Pausuc.
1013 4807 1064 4878 (¹⁵)
1089 4839 1128 4852 -
1147 4812 1190 4862 At
1208 4809 1259 4862 irae
1278 4810 1347 4869 miisi
1364 4803 1520 4886 efferentur

185 4878 293 4936 Nonius
314 4898 342 4953 p.
362 4882 408 4938 29.
429 4882 526 4936 Marc.
561 4879 612 4954 (¹⁷)
633 4910 668 4925 —
690 4883 857 4936 terminavit
875 4881 954 4937 Letd.
975 4884 1055 4958 prob.
1075 4886 1166 4942 Bonis.
1363 4913 1366 4923 ·
