<?xml version="1.0" encoding="UTF-8"?>
<!DOCTYPE html PUBLIC "-//W3C//DTD XHTML 1.0 Transitional//EN"
    "http://www.w3.org/TR/xhtml1/DTD/xhtml1-transitional.dtd">
<html xmlns="http://www.w3.org/1999/xhtml" xml:lang="en" lang="en">
 <head>
  <title>
</title>
<meta http-equiv="Content-Type" content="text/html;charset=utf-8" />
  <meta name='ocr-system' content='tesseract 3.04.00' />
  <meta name='ocr-capabilities' content='ocr_page ocr_carea ocr_par ocr_line ocrx_word'/>
</head>
<body>
  <div class='ocr_page' id='page_1' title='image "./mtulliiciceroni00wolfgoog/mtulliiciceroni00wolfgoog_0205.png"; bbox 0 0 3384 5359; ppageno 0'>
   <div class='ocr_carea' id='block_1_1' title="bbox 657 308 1548 395">
    <p class='ocr_par' dir='ltr' id='par_1_1' title="bbox 657 308 1548 395">
     <span class='ocr_line' id='line_1_1' title="bbox 657 308 1548 395; baseline -0.002 -20"><span class='ocrx_word' id='word_1_1' title='bbox 657 312 748 376; x_wconf 77' lang='lat' dir='ltr'><strong><em>Lm.</em></strong></span> <span class='ocrx_word' id='word_1_2' title='bbox 772 312 803 375; x_wconf 92' lang='lat'><strong><em>1.</em></strong></span> <span class='ocrx_word' id='word_1_3' title='bbox 843 309 891 391; x_wconf 66' lang='lat' dir='ltr'><strong><em>xc.</em></strong></span> <span class='ocrx_word' id='word_1_4' title='bbox 916 312 959 395; x_wconf 56' lang='lat' dir='ltr'><strong><em>a„</em></strong></span> <span class='ocrx_word' id='word_1_5' title='bbox 1189 328 1196 341; x_wconf 91' lang='lat'><strong>·</strong></span> <span class='ocrx_word' id='word_1_6' title='bbox 1399 308 1458 374; x_wconf 79' lang='lat' dir='ltr'><strong><em>eni</em></strong></span> <span class='ocrx_word' id='word_1_7' title='bbox 1541 312 1548 328; x_wconf 52' lang='lat'>⁸</span> 
     </span>
    </p>
   </div>
   <div class='ocr_carea' id='block_1_2' title="bbox 42 450 1520 3250">
    <p class='ocr_par' dir='ltr' id='par_1_2' title="bbox 42 450 1520 3250">
     <span class='ocr_line' id='line_1_2' title="bbox 120 450 1458 541; baseline 0.004 -30"><span class='ocrx_word' id='word_1_8' title='bbox 120 460 310 536; x_wconf 63' lang='lat' dir='ltr'><strong><em>quatemus</em></strong></span> <span class='ocrx_word' id='word_1_9' title='bbox 328 470 462 513; x_wconf 87' lang='lat' dir='ltr'><strong><em>necesse</em></strong></span> <span class='ocrx_word' id='word_1_10' title='bbox 479 463 547 541; x_wconf 74' lang='lat' dir='ltr'><strong><em>est,</em></strong></span> <span class='ocrx_word' id='word_1_11' title='bbox 571 452 727 514; x_wconf 84' lang='lat' dir='ltr'><strong><em>animum</em></strong></span> <span class='ocrx_word' id='word_1_12' title='bbox 745 451 972 529; x_wconf 73' lang='lat' dir='ltr'><strong><em>dimittamus.</em></strong></span> <span class='ocrx_word' id='word_1_13' title='bbox 1009 452 1067 516; x_wconf 86' lang='lat' dir='ltr'><strong><em>lta</em></strong></span> <span class='ocrx_word' id='word_1_14' title='bbox 1084 451 1175 516; x_wconf 85' lang='lat' dir='ltr'><strong><em>enim</em></strong></span> <span class='ocrx_word' id='word_1_15' title='bbox 1193 450 1331 515; x_wconf 89' lang='lat' dir='ltr'><strong><em>minime</em></strong></span> <span class='ocrx_word' id='word_1_16' title='bbox 1349 451 1458 539; x_wconf 81' lang='lat' dir='ltr'><strong><em>reple·</em></strong></span> 
     </span>
     <span class='ocr_line' id='line_1_3' title="bbox 121 542 1460 633; baseline 0.002 -26"><span class='ocrx_word' id='word_1_17' title='bbox 121 544 254 607; x_wconf 80' lang='lat' dir='ltr'><strong><em>bimur</em></strong></span> <span class='ocrx_word' id='word_1_18' title='bbox 273 542 399 607; x_wconf 83' lang='lat' dir='ltr'><strong><em>vitiosa</em></strong></span> <span class='ocrx_word' id='word_1_19' title='bbox 415 545 675 630; x_wconf 73' lang='lat' dir='ltr'><strong><em>turbulentaque</em></strong></span> <span class='ocrx_word' id='word_1_20' title='bbox 693 559 823 609; x_wconf 85' lang='lat' dir='ltr'><strong><em>natura</em></strong></span> <span class='ocrx_word' id='word_1_21' title='bbox 841 543 1016 627; x_wconf 85' lang='lat' dir='ltr'><strong><em>corporis,</em></strong></span> <span class='ocrx_word' id='word_1_22' title='bbox 1040 545 1102 607; x_wconf 87' lang='lat' dir='ltr'><strong><em>sed</em></strong></span> <span class='ocrx_word' id='word_1_23' title='bbox 1113 545 1201 633; x_wconf 82' lang='lat' dir='ltr'><strong><em>puri</em></strong></span> <span class='ocrx_word' id='word_1_24' title='bbox 1217 567 1241 607; x_wconf 87' lang='lat' dir='ltr'><strong><em>a</em></strong></span> <span class='ocrx_word' id='word_1_25' title='bbox 1256 542 1460 629; x_wconf 73' lang='lat' dir='ltr'><em>contagione</em></span> 
     </span>
     <span class='ocr_line' id='line_1_4' title="bbox 121 636 1458 728; baseline 0.002 -29"><span class='ocrx_word' id='word_1_26' title='bbox 121 637 232 713; x_wconf 86' lang='lat' dir='ltr'><strong><em>eius,</em></strong></span> <span class='ocrx_word' id='word_1_27' title='bbox 257 636 293 699; x_wconf 93' lang='lat' dir='ltr'><strong><em>in</em></strong></span> <span class='ocrx_word' id='word_1_28' title='bbox 314 648 480 721; x_wconf 84' lang='lat' dir='ltr'><strong><em>quantum</em></strong></span> <span class='ocrx_word' id='word_1_29' title='bbox 489 637 622 728; x_wconf 80' lang='lat' dir='ltr'><strong><em>facere</em></strong></span> <span class='ocrx_word' id='word_1_30' title='bbox 637 660 848 721; x_wconf 84' lang='lat' dir='ltr'><strong><em>possumus,</em></strong></span> <span class='ocrx_word' id='word_1_31' title='bbox 878 638 1039 702; x_wconf 68' lang='lat' dir='ltr'><strong><em>erinium·</em></strong></span> <span class='ocrx_word' id='word_1_32' title='bbox 1064 642 1111 703; x_wconf 83' lang='lat' dir='ltr'><strong><em>Et</em></strong></span> <span class='ocrx_word' id='word_1_33' title='bbox 1133 640 1165 703; x_wconf 83' lang='lat' dir='ltr'><strong><em>si</em></strong></span> <span class='ocrx_word' id='word_1_34' title='bbox 1185 640 1237 702; x_wconf 83' lang='lat' dir='ltr'><strong><em>ita</em></strong></span> <span class='ocrx_word' id='word_1_35' title='bbox 1245 637 1458 728; x_wconf 78' lang='lat' dir='ltr'><strong><em>secerirmte,</em></strong></span> 
     </span>
     <span class='ocr_line' id='line_1_5' title="bbox 121 729 1461 818; baseline 0.006 -25"><span class='ocrx_word' id='word_1_36' title='bbox 121 729 332 812; x_wconf 80' lang='lat' dir='ltr'><strong><em>incorrupti</em></strong></span> <span class='ocrx_word' id='word_1_37' title='bbox 352 731 543 817; x_wconf 76' lang='lat' dir='ltr'><strong><em>sincerique</em></strong></span> <span class='ocrx_word' id='word_1_38' title='bbox 565 731 867 815; x_wconf 67' lang='lat' dir='ltr'><strong><em>digredientium!</em></strong></span> <span class='ocrx_word' id='word_1_39' title='bbox 887 732 1004 795; x_wconf 83' lang='lat' dir='ltr'><strong><em>omnia</em></strong></span> <span class='ocrx_word' id='word_1_40' title='bbox 1032 731 1234 816; x_wconf 83' lang='lat' dir='ltr'><strong><em>incorrupta</em></strong></span> <span class='ocrx_word' id='word_1_41' title='bbox 1262 734 1461 818; x_wconf 79' lang='lat' dir='ltr'><strong><em>sinceraque</em></strong></span> 
     </span>
     <span class='ocr_line' id='line_1_6' title="bbox 108 824 1461 917; baseline 0.002 -31"><span class='ocrx_word' id='word_1_42' title='bbox 108 825 323 911; x_wconf 65' lang='grc' dir='ltr'><strong><em>Ιυςηίειηιω.</em></strong></span> <span class='ocrx_word' id='word_1_43' title='bbox 367 826 459 887; x_wconf 90' lang='lat' dir='ltr'><strong><em>Haec</em></strong></span> <span class='ocrx_word' id='word_1_44' title='bbox 481 827 674 889; x_wconf 88' lang='lat' dir='ltr'><strong><em>adverbum</em></strong></span> <span class='ocrx_word' id='word_1_45' title='bbox 697 847 738 888; x_wconf 84' lang='lat' dir='ltr'><strong><em>ex</em></strong></span> <span class='ocrx_word' id='word_1_46' title='bbox 761 825 892 907; x_wconf 80' lang='lat' dir='ltr'><strong><em>dialogo</em></strong></span> <span class='ocrx_word' id='word_1_47' title='bbox 914 824 1100 908; x_wconf 85' lang='lat' dir='ltr'><strong><em>philosophi</em></strong></span> <span class='ocrx_word' id='word_1_48' title='bbox 1120 829 1286 917; x_wconf 84' lang='lat' dir='ltr'><strong><em>admodum</em></strong></span> <span class='ocrx_word' id='word_1_49' title='bbox 1308 826 1461 909; x_wconf 90' lang='lat' dir='ltr'><strong><em>principis</em></strong></span> 
     </span>
     <span class='ocr_line' id='line_1_7' title="bbox 126 918 1461 1001; baseline 0.003 -21"><span class='ocrx_word' id='word_1_50' title='bbox 126 921 338 999; x_wconf 85' lang='lat' dir='ltr'><strong><em>excerpenda</em></strong></span> <span class='ocrx_word' id='word_1_51' title='bbox 368 931 463 1001; x_wconf 89' lang='lat' dir='ltr'><strong><em>atque</em></strong></span> <span class='ocrx_word' id='word_1_52' title='bbox 484 920 559 983; x_wconf 87' lang='lat' dir='ltr'><strong><em>buic</em></strong></span> <span class='ocrx_word' id='word_1_53' title='bbox 580 932 692 983; x_wconf 90' lang='lat' dir='ltr'><strong><em>nostro</em></strong></span> <span class='ocrx_word' id='word_1_54' title='bbox 713 918 879 982; x_wconf 87' lang='lat' dir='ltr'><strong><em>inserenda</em></strong></span> <span class='ocrx_word' id='word_1_55' title='bbox 903 918 1055 983; x_wconf 91' lang='lat' dir='ltr'><strong><em>volumini</em></strong></span> <span class='ocrx_word' id='word_1_56' title='bbox 1076 931 1162 983; x_wconf 90' lang='lat' dir='ltr'><strong><em>ratus</em></strong></span> <span class='ocrx_word' id='word_1_57' title='bbox 1185 942 1272 984; x_wconf 80' lang='lat' dir='ltr'><strong><em>sitin:</em></strong></span> <span class='ocrx_word' id='word_1_58' title='bbox 1297 938 1359 985; x_wconf 85' lang='lat' dir='ltr'><strong><em>non</em></strong></span> <span class='ocrx_word' id='word_1_59' title='bbox 1376 920 1461 984; x_wconf 85' lang='lat' dir='ltr'><strong><em>arbi·</em></strong></span> 
     </span>
     <span class='ocr_line' id='line_1_8' title="bbox 125 1011 1460 1097; baseline 0.004 -26"><span class='ocrx_word' id='word_1_60' title='bbox 125 1022 228 1072; x_wconf 86' lang='lat' dir='ltr'><strong><em>trans</em></strong></span> <span class='ocrx_word' id='word_1_61' title='bbox 250 1011 322 1075; x_wconf 88' lang='lat' dir='ltr'><strong><em>lore</em></strong></span> <span class='ocrx_word' id='word_1_62' title='bbox 353 1013 530 1097; x_wconf 87' lang='lat' dir='ltr'><strong><em>quempiam</em></strong></span> <span class='ocrx_word' id='word_1_63' title='bbox 561 1013 778 1077; x_wconf 71' lang='lat' dir='ltr'><strong><em>illectamentis</em></strong></span> <span class='ocrx_word' id='word_1_64' title='bbox 807 1013 1000 1076; x_wconf 79' lang='lat' dir='ltr'><strong><em>fallaciarum</em></strong></span> <span class='ocrx_word' id='word_1_65' title='bbox 1032 1013 1274 1095; x_wconf 86' lang='lat' dir='ltr'><strong><em>corporalibus¹</em></strong></span> <span class='ocrx_word' id='word_1_66' title='bbox 1304 1014 1460 1078; x_wconf 88' lang='lat' dir='ltr'><strong><em>obsistere</em></strong></span> 
     </span>
     <span class='ocr_line' id='line_1_9' title="bbox 127 1100 1460 1191; baseline 0.002 -23"><span class='ocrx_word' id='word_1_67' title='bbox 127 1104 266 1169; x_wconf 84' lang='lat' dir='ltr'><strong><em>solitum</em></strong></span> <span class='ocrx_word' id='word_1_68' title='bbox 276 1106 288 1179; x_wconf 74' lang='lat'><strong><em>,&#39;</em></strong></span> <span class='ocrx_word' id='word_1_69' title='bbox 310 1105 364 1188; x_wconf 89' lang='lat' dir='ltr'><strong><em>qui</em></strong></span> <span class='ocrx_word' id='word_1_70' title='bbox 385 1107 478 1168; x_wconf 89' lang='lat' dir='ltr'><strong><em>hasce</em></strong></span> <span class='ocrx_word' id='word_1_71' title='bbox 498 1107 727 1191; x_wconf 78' lang='lat' dir='ltr'><strong><em>repugnantias</em></strong></span> <span class='ocrx_word' id='word_1_72' title='bbox 750 1107 780 1170; x_wconf 91' lang='lat' dir='ltr'><strong><em>in</em></strong></span> <span class='ocrx_word' id='word_1_73' title='bbox 803 1118 902 1169; x_wconf 89' lang='lat' dir='ltr'><strong><em>semet</em></strong></span> <span class='ocrx_word' id='word_1_74' title='bbox 921 1108 990 1187; x_wconf 88' lang='lat' dir='ltr'><strong><em>ipso</em></strong></span> <span class='ocrx_word' id='word_1_75' title='bbox 1007 1108 1161 1181; x_wconf 88' lang='lat' dir='ltr'><strong><em>sentiens,</em></strong></span> <span class='ocrx_word' id='word_1_76' title='bbox 1186 1108 1354 1189; x_wconf 90' lang='lat' dir='ltr'><strong><em>disparium</em></strong></span> <span class='ocrx_word' id='word_1_77' title='bbox 1370 1100 1460 1172; x_wconf 86' lang='lat' dir='ltr'><strong><em>natu·</em></strong></span> 
     </span>
     <span class='ocr_line' id='line_1_10' title="bbox 125 1198 1460 1284; baseline 0.002 -24"><span class='ocrx_word' id='word_1_78' title='bbox 125 1219 245 1260; x_wconf 89' lang='lat' dir='ltr'><strong><em>rarum</em></strong></span> <span class='ocrx_word' id='word_1_79' title='bbox 267 1199 415 1280; x_wconf 87' lang='lat' dir='ltr'><strong><em>corporis</em></strong></span> <span class='ocrx_word' id='word_1_80' title='bbox 438 1211 531 1284; x_wconf 88' lang='lat' dir='ltr'><strong><em>atque</em></strong></span> <span class='ocrx_word' id='word_1_81' title='bbox 554 1201 664 1277; x_wconf 86' lang='lat' dir='ltr'><strong><em>animi,</em></strong></span> <span class='ocrx_word' id='word_1_82' title='bbox 689 1214 769 1265; x_wconf 88' lang='lat' dir='ltr'><strong><em>teste</em></strong></span> <span class='ocrx_word' id='word_1_83' title='bbox 791 1223 825 1263; x_wconf 83' lang='lat' dir='ltr'><strong><em>se</em></strong></span> <span class='ocrx_word' id='word_1_84' title='bbox 846 1199 879 1262; x_wconf 89' lang='lat' dir='ltr'><strong><em>in</em></strong></span> <span class='ocrx_word' id='word_1_85' title='bbox 894 1199 957 1261; x_wconf 90' lang='lat' dir='ltr'><strong><em>hoc</em></strong></span> <span class='ocrx_word' id='word_1_86' title='bbox 972 1198 1072 1280; x_wconf 91' lang='lat' dir='ltr'><strong><em>ipsum</em></strong></span> <span class='ocrx_word' id='word_1_87' title='bbox 1097 1199 1176 1277; x_wconf 90' lang='lat' dir='ltr'><strong><em>sibi,</em></strong></span> <span class='ocrx_word' id='word_1_88' title='bbox 1202 1203 1286 1264; x_wconf 77' lang='lat' dir='ltr'><strong><em>non²</em></strong></span> <span class='ocrx_word' id='word_1_89' title='bbox 1305 1201 1460 1263; x_wconf 89' lang='lat' dir='ltr'><strong><em>indiscus-</em></strong></span> 
     </span>
     <span class='ocr_line' id='line_1_11' title="bbox 129 1291 1460 1378; baseline 0.002 -23"><span class='ocrx_word' id='word_1_90' title='bbox 129 1292 180 1355; x_wconf 87' lang='lat' dir='ltr'><strong><em>sis</em></strong></span> <span class='ocrx_word' id='word_1_91' title='bbox 202 1291 349 1376; x_wconf 76' lang='lat' dir='ltr'><strong><em>‚equidem</em></strong></span> <span class='ocrx_word' id='word_1_92' title='bbox 370 1292 468 1378; x_wconf 80' lang='lat' dir='ltr'><strong><em>longe</em></strong></span> <span class='ocrx_word' id='word_1_93' title='bbox 491 1295 617 1359; x_wconf 87' lang='lat' dir='ltr'><strong><em>maximi</em></strong></span> <span class='ocrx_word' id='word_1_94' title='bbox 639 1296 720 1377; x_wconf 81' lang='lat' dir='ltr'><strong><em>inter</em></strong></span> <span class='ocrx_word' id='word_1_95' title='bbox 742 1293 956 1377; x_wconf 85' lang='lat' dir='ltr'><strong><em>philosophos</em></strong></span> <span class='ocrx_word' id='word_1_96' title='bbox 978 1291 1041 1354; x_wconf 88' lang='lat' dir='ltr'><strong><em>viri</em></strong></span> <span class='ocrx_word' id='word_1_97' title='bbox 1063 1294 1330 1375; x_wconf 74' lang='lat' dir='ltr'><strong><em>disputationibus</em></strong></span> <span class='ocrx_word' id='word_1_98' title='bbox 1352 1317 1460 1358; x_wconf 86' lang='lat' dir='ltr'><strong><em>assen-</em></strong></span> 
     </span>
     <span class='ocr_line' id='line_1_12' title="bbox 129 1385 1459 1473; baseline 0.003 -26"><span class='ocrx_word' id='word_1_99' title='bbox 129 1386 238 1448; x_wconf 87' lang='lat' dir='ltr'><strong><em>tiatur</em></strong></span> <span class='ocrx_word' id='word_1_100' title='bbox 260 1385 405 1469; x_wconf 87' lang='lat' dir='ltr'><strong><em>interque</em></strong></span> <span class='ocrx_word' id='word_1_101' title='bbox 428 1387 561 1451; x_wconf 81' lang='lat' dir='ltr'><strong><em>aiiimuiu</em></strong></span> <span class='ocrx_word' id='word_1_102' title='bbox 584 1410 767 1473; x_wconf 80' lang='lat' dir='ltr'><strong><em>corpusque</em></strong></span> <span class='ocrx_word' id='word_1_103' title='bbox 797 1408 906 1461; x_wconf 81' lang='lat' dir='ltr'><strong><em>sutrin,</em></strong></span> <span class='ocrx_word' id='word_1_104' title='bbox 937 1386 1080 1467; x_wconf 85' lang='lat' dir='ltr'><strong><em>praeside</em></strong></span> <span class='ocrx_word' id='word_1_105' title='bbox 1110 1387 1252 1463; x_wconf 87' lang='lat' dir='ltr'><strong><em>ratione,</em></strong></span> <span class='ocrx_word' id='word_1_106' title='bbox 1286 1388 1459 1469; x_wconf 85' lang='lat' dir='ltr'><strong><em>disceptet:</em></strong></span> 
     </span>
     <span class='ocr_line' id='line_1_13' title="bbox 130 1479 1459 1565; baseline 0.002 -24"><span class='ocrx_word' id='word_1_107' title='bbox 130 1480 286 1565; x_wconf 85' lang='lat' dir='ltr'><strong><em>quidnam</em></strong></span> <span class='ocrx_word' id='word_1_108' title='bbox 309 1480 348 1543; x_wconf 90' lang='lat' dir='ltr'><strong><em>sit</em></strong></span> <span class='ocrx_word' id='word_1_109' title='bbox 370 1480 458 1557; x_wconf 89' lang='lat' dir='ltr'><strong><em>illud,</em></strong></span> <span class='ocrx_word' id='word_1_110' title='bbox 484 1486 584 1565; x_wconf 89' lang='lat' dir='ltr'><strong><em>quod,</em></strong></span> <span class='ocrx_word' id='word_1_111' title='bbox 608 1496 643 1546; x_wconf 90' lang='lat' dir='ltr'><strong><em>ut</em></strong></span> <span class='ocrx_word' id='word_1_112' title='bbox 666 1482 762 1558; x_wconf 85' lang='lat' dir='ltr'><strong><em>aiunt,</em></strong></span> <span class='ocrx_word' id='word_1_113' title='bbox 788 1500 965 1561; x_wconf 90' lang='lat' dir='ltr'><strong><em>corporeus</em></strong></span> <span class='ocrx_word' id='word_1_114' title='bbox 985 1479 1103 1541; x_wconf 88' lang='lat' dir='ltr'><strong><em>animus</em></strong></span> <span class='ocrx_word' id='word_1_115' title='bbox 1124 1481 1264 1544; x_wconf 75' lang='lat' dir='ltr'><strong><em>ab&#39;omni</em></strong></span> <span class='ocrx_word' id='word_1_116' title='bbox 1278 1482 1459 1563; x_wconf 76' lang='lat' dir='ltr'><strong><em>inventione</em></strong></span> 
     </span>
     <span class='ocr_line' id='line_1_14' title="bbox 132 1573 1461 1659; baseline 0.002 -22"><span class='ocrx_word' id='word_1_117' title='bbox 132 1586 330 1637; x_wconf 84' lang='lat' dir='ltr'><strong><em>occursante</em></strong></span> <span class='ocrx_word' id='word_1_118' title='bbox 351 1575 415 1638; x_wconf 88' lang='lat' dir='ltr'><strong><em>sibi</em></strong></span> <span class='ocrx_word' id='word_1_119' title='bbox 443 1598 569 1659; x_wconf 86' lang='lat' dir='ltr'><strong><em>semper</em></strong></span> <span class='ocrx_word' id='word_1_120' title='bbox 596 1577 727 1640; x_wconf 87' lang='lat' dir='ltr'><strong><em>extrarii</em></strong></span> <span class='ocrx_word' id='word_1_121' title='bbox 755 1573 903 1655; x_wconf 90' lang='lat' dir='ltr'><strong><em>corporis</em></strong></span> <span class='ocrx_word' id='word_1_122' title='bbox 932 1573 1154 1654; x_wconf 81' lang='lat' dir='ltr'><strong><em>praepediatur</em></strong></span> <span class='ocrx_word' id='word_1_123' title='bbox 1184 1576 1369 1640; x_wconf 88' lang='lat' dir='ltr'><strong><em>obstaculo:</em></strong></span> <span class='ocrx_word' id='word_1_124' title='bbox 1407 1588 1461 1639; x_wconf 81' lang='lat' dir='ltr'><strong><em>aiu</em></strong></span> 
     </span>
     <span class='ocr_line' id='line_1_15' title="bbox 134 1667 1459 1761; baseline 0.002 -32"><span class='ocrx_word' id='word_1_125' title='bbox 134 1689 200 1729; x_wconf 90' lang='lat' dir='ltr'><strong><em>cur</em></strong></span> <span class='ocrx_word' id='word_1_126' title='bbox 222 1668 393 1729; x_wconf 82' lang='lat' dir='ltr'><strong><em>extrarium</em></strong></span> <span class='ocrx_word' id='word_1_127' title='bbox 423 1691 543 1752; x_wconf 88' lang='lat' dir='ltr'><strong><em>corpus</em></strong></span> <span class='ocrx_word' id='word_1_128' title='bbox 573 1673 603 1733; x_wconf 93' lang='lat' dir='ltr'><strong><em>in</em></strong></span> <span class='ocrx_word' id='word_1_129' title='bbox 631 1683 754 1734; x_wconf 89' lang='lat' dir='ltr'><strong><em>reatum</em></strong></span> <span class='ocrx_word' id='word_1_130' title='bbox 777 1677 889 1741; x_wconf 85' lang='lat' dir='ltr'><strong><em>vocet,</em></strong></span> <span class='ocrx_word' id='word_1_131' title='bbox 924 1667 1010 1749; x_wconf 90' lang='lat' dir='ltr'><strong><em>quod</em></strong></span> <span class='ocrx_word' id='word_1_132' title='bbox 1032 1678 1131 1749; x_wconf 76' lang='lat' dir='ltr'><strong><em>semet</em></strong></span> <span class='ocrx_word' id='word_1_133' title='bbox 1153 1669 1459 1761; x_wconf 30' lang='lat' dir='ltr'><strong><em>alcontemplatione</em></strong></span> 
     </span>
     <span class='ocr_line' id='line_1_16' title="bbox 130 1757 1460 1847; baseline 0.001 -24"><span class='ocrx_word' id='word_1_134' title='bbox 130 1759 209 1824; x_wconf 85' lang='lat' dir='ltr'><strong><em>veri</em></strong></span> <span class='ocrx_word' id='word_1_135' title='bbox 231 1763 383 1835; x_wconf 89' lang='lat' dir='ltr'><strong><em>devocet;</em></strong></span> <span class='ocrx_word' id='word_1_136' title='bbox 407 1785 502 1846; x_wconf 85' lang='lat' dir='ltr'><strong><em>quum</em></strong></span> <span class='ocrx_word' id='word_1_137' title='bbox 525 1764 584 1827; x_wconf 86' lang='lat' dir='ltr'><strong><em>sibi</em></strong></span> <span class='ocrx_word' id='word_1_138' title='bbox 603 1764 670 1847; x_wconf 90' lang='lat' dir='ltr'><strong><em>ipse</em></strong></span> <span class='ocrx_word' id='word_1_139' title='bbox 685 1765 725 1828; x_wconf 84' lang='lat' dir='ltr'><strong><em>sit</em></strong></span> <span class='ocrx_word' id='word_1_140' title='bbox 740 1760 981 1845; x_wconf 87' lang='lat' dir='ltr'><strong><em>impedimento,</em></strong></span> <span class='ocrx_word' id='word_1_141' title='bbox 1006 1757 1033 1821; x_wconf 88' lang='lat' dir='ltr'><strong><em>si</em></strong></span> <span class='ocrx_word' id='word_1_142' title='bbox 1048 1778 1165 1840; x_wconf 89' lang='lat' dir='ltr'><strong><em>corpus</em></strong></span> <span class='ocrx_word' id='word_1_143' title='bbox 1180 1770 1241 1822; x_wconf 88' lang='lat' dir='ltr'><strong><em>est.</em></strong></span> <span class='ocrx_word' id='word_1_144' title='bbox 1286 1761 1348 1823; x_wconf 90' lang='lat' dir='ltr'><strong><em>Sed</em></strong></span> <span class='ocrx_word' id='word_1_145' title='bbox 1363 1783 1460 1843; x_wconf 87' lang='lat' dir='ltr'><strong><em>super</em></strong></span> 
     </span>
     <span class='ocr_line' id='line_1_17' title="bbox 132 1853 1461 1941; baseline -0.002 -23"><span class='ocrx_word' id='word_1_146' title='bbox 132 1853 187 1918; x_wconf 86' lang='lat' dir='ltr'><strong><em>his</em></strong></span> <span class='ocrx_word' id='word_1_147' title='bbox 210 1876 273 1918; x_wconf 90' lang='lat' dir='ltr'><strong><em>non</em></strong></span> <span class='ocrx_word' id='word_1_148' title='bbox 296 1860 577 1941; x_wconf 85' lang='lat' dir='ltr'><strong><em>argumentabor³.</em></strong></span> <span class='ocrx_word' id='word_1_149' title='bbox 622 1860 695 1941; x_wconf 89' lang='lat' dir='ltr'><strong><em>Ipsa</em></strong></span> <span class='ocrx_word' id='word_1_150' title='bbox 718 1859 861 1921; x_wconf 89' lang='lat' dir='ltr'><strong><em>nimirum</em></strong></span> <span class='ocrx_word' id='word_1_151' title='bbox 883 1875 941 1937; x_wconf 90' lang='lat' dir='ltr'><strong><em>per</em></strong></span> <span class='ocrx_word' id='word_1_152' title='bbox 962 1873 995 1915; x_wconf 88' lang='lat' dir='ltr'><strong><em>se</em></strong></span> <span class='ocrx_word' id='word_1_153' title='bbox 1014 1853 1130 1915; x_wconf 86' lang='lat' dir='ltr'><strong><em>veritas</em></strong></span> <span class='ocrx_word' id='word_1_154' title='bbox 1146 1854 1262 1929; x_wconf 83' lang='lat' dir='ltr'><strong><em>claret,</em></strong></span> <span class='ocrx_word' id='word_1_155' title='bbox 1287 1876 1345 1917; x_wconf 85' lang='lat' dir='ltr'><strong><em>nec</em></strong></span> <span class='ocrx_word' id='word_1_156' title='bbox 1365 1876 1461 1918; x_wconf 88' lang='lat' dir='ltr'><strong><em>orna·</em></strong></span> 
     </span>
     <span class='ocr_line' id='line_1_18' title="bbox 134 1946 1461 2033; baseline -0.001 -21"><span class='ocrx_word' id='word_1_157' title='bbox 134 1960 247 2013; x_wconf 88' lang='lat' dir='ltr'><strong><em>mento</em></strong></span> <span class='ocrx_word' id='word_1_158' title='bbox 273 1962 326 2012; x_wconf 78' lang='lat' dir='ltr'><strong><em>nsit</em></strong></span> <span class='ocrx_word' id='word_1_159' title='bbox 356 1951 537 2015; x_wconf 89' lang='lat' dir='ltr'><strong><em>adiumento</em></strong></span> <span class='ocrx_word' id='word_1_160' title='bbox 560 1952 738 2015; x_wconf 86' lang='lat' dir='ltr'><strong><em>extrinseus</em></strong></span> <span class='ocrx_word' id='word_1_161' title='bbox 765 1951 902 2033; x_wconf 85' lang='lat' dir='ltr'><strong><em>indiget,</em></strong></span> <span class='ocrx_word' id='word_1_162' title='bbox 931 1967 1011 2030; x_wconf 90' lang='lat' dir='ltr'><strong><em>quae</em></strong></span> <span class='ocrx_word' id='word_1_163' title='bbox 1034 1955 1065 2008; x_wconf 86' lang='lat' dir='ltr'><strong><em>et</em></strong></span> <span class='ocrx_word' id='word_1_164' title='bbox 1090 1946 1256 2027; x_wconf 86' lang='lat' dir='ltr'><strong><em>pulchrior</em></strong></span> <span class='ocrx_word' id='word_1_165' title='bbox 1286 1958 1317 2011; x_wconf 92' lang='lat' dir='ltr'><strong><em>et</em></strong></span> <span class='ocrx_word' id='word_1_166' title='bbox 1343 1948 1461 2011; x_wconf 80' lang='lat' dir='ltr'><strong><em>fortior</em></strong></span> 
     </span>
     <span class='ocr_line' id='line_1_19' title="bbox 134 2038 1461 2130; baseline 0 -25"><span class='ocrx_word' id='word_1_167' title='bbox 134 2045 222 2105; x_wconf 87' lang='lat' dir='ltr'><strong><em>nuda</em></strong></span> <span class='ocrx_word' id='word_1_168' title='bbox 245 2056 305 2107; x_wconf 89' lang='lat' dir='ltr'><strong><em>cst.</em></strong></span> <span class='ocrx_word' id='word_1_169' title='bbox 357 2044 442 2107; x_wconf 88' lang='lat' dir='ltr'><strong><em>Hine</em></strong></span> <span class='ocrx_word' id='word_1_170' title='bbox 468 2059 597 2130; x_wconf 77' lang='lat' dir='ltr'><strong><em>egomet</em></strong></span> <span class='ocrx_word' id='word_1_171' title='bbox 621 2048 746 2109; x_wconf 88' lang='lat' dir='ltr'><strong><em>testium</em></strong></span> <span class='ocrx_word' id='word_1_172' title='bbox 769 2065 881 2108; x_wconf 89' lang='lat' dir='ltr'><strong><em>eorum</em></strong></span> <span class='ocrx_word' id='word_1_173' title='bbox 904 2038 1092 2103; x_wconf 57' lang='lat' dir='ltr'><strong><em>indefensis*</em></strong></span> <span class='ocrx_word' id='word_1_174' title='bbox 1114 2040 1265 2104; x_wconf 87' lang='lat' dir='ltr'><strong><em>hactenus</em></strong></span> <span class='ocrx_word' id='word_1_175' title='bbox 1282 2040 1355 2104; x_wconf 90' lang='lat' dir='ltr'><strong><em>mibi</em></strong></span> <span class='ocrx_word' id='word_1_176' title='bbox 1372 2043 1461 2105; x_wconf 87' lang='lat' dir='ltr'><strong><em>testi·</em></strong></span> 
     </span>
     <span class='ocr_line' id='line_1_20' title="bbox 134 2133 1460 2225; baseline -0.002 -25"><span class='ocrx_word' id='word_1_177' title='bbox 134 2136 251 2201; x_wconf 86' lang='lat' dir='ltr'><strong><em>moniis</em></strong></span> <span class='ocrx_word' id='word_1_178' title='bbox 270 2140 417 2200; x_wconf 85' lang='lat' dir='ltr'><strong><em>utendum</em></strong></span> <span class='ocrx_word' id='word_1_179' title='bbox 435 2149 523 2202; x_wconf 87' lang='lat' dir='ltr'><strong><em>ratus</em></strong></span> <span class='ocrx_word' id='word_1_180' title='bbox 543 2161 630 2216; x_wconf 82' lang='lat' dir='ltr'><strong><em>siim,</em></strong></span> <span class='ocrx_word' id='word_1_181' title='bbox 656 2139 726 2225; x_wconf 87' lang='lat' dir='ltr'><strong><em>quia</em></strong></span> <span class='ocrx_word' id='word_1_182' title='bbox 748 2158 845 2221; x_wconf 87' lang='lat' dir='ltr'><strong><em>penes</em></strong></span> <span class='ocrx_word' id='word_1_183' title='bbox 865 2136 937 2200; x_wconf 85' lang='lat' dir='ltr'><strong><em>illos</em></strong></span> <span class='ocrx_word' id='word_1_184' title='bbox 956 2144 1089 2206; x_wconf 82' lang='lat' dir='ltr'><strong><em>tantuin,</em></strong></span> <span class='ocrx_word' id='word_1_185' title='bbox 1110 2133 1164 2216; x_wconf 88' lang='lat' dir='ltr'><strong><em>qni</em></strong></span> <span class='ocrx_word' id='word_1_186' title='bbox 1186 2144 1258 2197; x_wconf 90' lang='lat' dir='ltr'><strong><em>toto</em></strong></span> <span class='ocrx_word' id='word_1_187' title='bbox 1281 2134 1329 2196; x_wconf 88' lang='lat' dir='ltr'><strong><em>sui</em></strong></span> <span class='ocrx_word' id='word_1_188' title='bbox 1351 2138 1460 2198; x_wconf 87' lang='lat' dir='ltr'><strong><em>admo·</em></strong></span> 
     </span>
     <span class='ocr_line' id='line_1_21' title="bbox 137 2225 1462 2312; baseline -0.002 -20"><span class='ocrx_word' id='word_1_189' title='bbox 137 2233 213 2293; x_wconf 89' lang='lat' dir='ltr'><strong><em>dum</em></strong></span> <span class='ocrx_word' id='word_1_190' title='bbox 236 2251 353 2312; x_wconf 89' lang='lat' dir='ltr'><strong><em>corpus</em></strong></span> <span class='ocrx_word' id='word_1_191' title='bbox 377 2243 464 2306; x_wconf 73' lang='lat' dir='ltr'><strong><em>sient,</em></strong></span> <span class='ocrx_word' id='word_1_192' title='bbox 493 2233 532 2294; x_wconf 90' lang='lat' dir='ltr'><strong><em>de</em></strong></span> <span class='ocrx_word' id='word_1_193' title='bbox 554 2234 640 2297; x_wconf 86' lang='lat' dir='ltr'><strong><em>hisce</em></strong></span> <span class='ocrx_word' id='word_1_194' title='bbox 660 2232 803 2296; x_wconf 87' lang='lat' dir='ltr'><strong><em>veritatis</em></strong></span> <span class='ocrx_word' id='word_1_195' title='bbox 825 2229 978 2293; x_wconf 86' lang='lat' dir='ltr'><strong><em>vadibus⁵</em></strong></span> <span class='ocrx_word' id='word_1_196' title='bbox 1000 2225 1191 2287; x_wconf 87' lang='lat' dir='ltr'><strong><em>dubitamus.</em></strong></span> <span class='ocrx_word' id='word_1_197' title='bbox 1237 2227 1361 2289; x_wconf 88' lang='lat' dir='ltr'><strong><em>Verum</em></strong></span> <span class='ocrx_word' id='word_1_198' title='bbox 1385 2227 1462 2311; x_wconf 85' lang='lat' dir='ltr'><strong><em>quid</em></strong></span> 
     </span>
     <span class='ocr_line' id='line_1_22' title="bbox 134 2319 1460 2410; baseline -0.005 -22"><span class='ocrx_word' id='word_1_199' title='bbox 134 2324 190 2388; x_wconf 89' lang='lat' dir='ltr'><strong><em>hie</em></strong></span> <span class='ocrx_word' id='word_1_200' title='bbox 222 2324 303 2387; x_wconf 89' lang='lat' dir='ltr'><strong><em>idem</em></strong></span> <span class='ocrx_word' id='word_1_201' title='bbox 332 2325 428 2389; x_wconf 90' lang='lat' dir='ltr'><strong><em>Plato</em></strong></span> <span class='ocrx_word' id='word_1_202' title='bbox 456 2325 488 2387; x_wconf 90' lang='lat' dir='ltr'><strong><em>in</em></strong></span> <span class='ocrx_word' id='word_1_203' title='bbox 515 2327 724 2409; x_wconf 87' lang='lat' dir='ltr'><strong><em>Hipparcho,</em></strong></span> <span class='ocrx_word' id='word_1_204' title='bbox 763 2327 837 2410; x_wconf 91' lang='lat' dir='ltr'><strong><em>quid</em></strong></span> <span class='ocrx_word' id='word_1_205' title='bbox 868 2324 900 2385; x_wconf 90' lang='lat' dir='ltr'><strong><em>in</em></strong></span> <span class='ocrx_word' id='word_1_206' title='bbox 927 2322 1084 2395; x_wconf 88' lang='lat' dir='ltr'><strong><em>Lachete,</em></strong></span> <span class='ocrx_word' id='word_1_207' title='bbox 1124 2319 1157 2380; x_wconf 92' lang='lat' dir='ltr'><strong><em>in</em></strong></span> <span class='ocrx_word' id='word_1_208' title='bbox 1183 2320 1388 2403; x_wconf 84' lang='lat' dir='ltr'><strong><em>Protagora,</em></strong></span> <span class='ocrx_word' id='word_1_209' title='bbox 1428 2321 1460 2383; x_wconf 91' lang='lat' dir='ltr'><strong><em>in</em></strong></span> 
     </span>
     <span class='ocr_line' id='line_1_23' title="bbox 136 2412 1520 2501; baseline -0.006 -20"><span class='ocrx_word' id='word_1_210' title='bbox 136 2417 328 2500; x_wconf 79' lang='lat' dir='ltr'><strong><em>Symposio,</em></strong></span> <span class='ocrx_word' id='word_1_211' title='bbox 353 2418 386 2482; x_wconf 89' lang='lat' dir='ltr'><strong><em>in</em></strong></span> <span class='ocrx_word' id='word_1_212' title='bbox 402 2419 584 2496; x_wconf 88' lang='lat' dir='ltr'><strong><em>Alcibiade,</em></strong></span> <span class='ocrx_word' id='word_1_213' title='bbox 609 2421 640 2483; x_wconf 94' lang='lat' dir='ltr'><strong><em>in</em></strong></span> <span class='ocrx_word' id='word_1_214' title='bbox 660 2419 801 2501; x_wconf 78' lang='lat' dir='ltr'><strong><em>Gorgia,</em></strong></span> <span class='ocrx_word' id='word_1_215' title='bbox 826 2418 856 2480; x_wconf 90' lang='lat' dir='ltr'><strong><em>in</em></strong></span> <span class='ocrx_word' id='word_1_216' title='bbox 877 2415 1030 2487; x_wconf 88' lang='lat' dir='ltr'><strong><em>Critone,</em></strong></span> <span class='ocrx_word' id='word_1_217' title='bbox 1053 2412 1129 2496; x_wconf 89' lang='lat' dir='ltr'><strong><em>quid</em></strong></span> <span class='ocrx_word' id='word_1_218' title='bbox 1147 2412 1178 2475; x_wconf 88' lang='lat' dir='ltr'><strong><em>in</em></strong></span> <span class='ocrx_word' id='word_1_219' title='bbox 1199 2412 1331 2476; x_wconf 88' lang='lat' dir='ltr'><strong><em>Timaeo</em></strong></span> <span class='ocrx_word' id='word_1_220' title='bbox 1351 2412 1458 2486; x_wconf 81' lang='lat' dir='ltr'><strong><em>etiam,</em></strong></span> <span class='ocrx_word' id='word_1_221' title='bbox 1510 2488 1520 2493; x_wconf 36' lang='lat'>‚</span> 
     </span>
     <span class='ocr_line' id='line_1_24' title="bbox 136 2505 1493 2601; baseline -0.005 -27"><span class='ocrx_word' id='word_1_222' title='bbox 136 2533 212 2574; x_wconf 85' lang='lat' dir='ltr'><strong><em>arce</em></strong></span> <span class='ocrx_word' id='word_1_223' title='bbox 249 2514 383 2596; x_wconf 88' lang='lat' dir='ltr'><strong><em>quadam</em></strong></span> <span class='ocrx_word' id='word_1_224' title='bbox 422 2524 453 2576; x_wconf 90' lang='lat' dir='ltr'><strong><em>et</em></strong></span> <span class='ocrx_word' id='word_1_225' title='bbox 489 2517 623 2599; x_wconf 83' lang='lat' dir='ltr'><strong><em>quodam</em></strong></span> <span class='ocrx_word' id='word_1_226' title='bbox 653 2513 875 2597; x_wconf 82' lang='lat' dir='ltr'><strong><em>philosophiae</em></strong></span> <span class='ocrx_word' id='word_1_227' title='bbox 902 2508 1039 2591; x_wconf 84' lang='lat' dir='ltr'><strong><em>vertice,</em></strong></span> <span class='ocrx_word' id='word_1_228' title='bbox 1077 2509 1115 2568; x_wconf 89' lang='lat' dir='ltr'><strong><em>de</em></strong></span> <span class='ocrx_word' id='word_1_229' title='bbox 1145 2505 1244 2568; x_wconf 84' lang='lat' dir='ltr'><strong><em>anima</em></strong></span> <span class='ocrx_word' id='word_1_230' title='bbox 1273 2505 1461 2589; x_wconf 84' lang='lat' dir='ltr'><strong><em>pronuntia·</em></strong></span> <span class='ocrx_word' id='word_1_231' title='bbox 1489 2588 1493 2601; x_wconf 62' lang='lat'><strong><em>,</em></strong></span> 
     </span>
     <span class='ocr_line' id='line_1_25' title="bbox 136 2599 1459 2692; baseline -0.005 -24"><span class='ocrx_word' id='word_1_232' title='bbox 136 2604 239 2687; x_wconf 84' lang='lat' dir='ltr'><strong><em>verit,</em></strong></span> <span class='ocrx_word' id='word_1_233' title='bbox 271 2605 404 2687; x_wconf 88' lang='lat' dir='ltr'><strong><em>placitae</em></strong></span> <span class='ocrx_word' id='word_1_234' title='bbox 430 2606 594 2671; x_wconf 89' lang='lat' dir='ltr'><strong><em>brevitatis</em></strong></span> <span class='ocrx_word' id='word_1_235' title='bbox 622 2606 723 2692; x_wconf 87' lang='lat' dir='ltr'><strong><em>gratia</em></strong></span> <span class='ocrx_word' id='word_1_236' title='bbox 749 2606 874 2669; x_wconf 86' lang='lat' dir='ltr'><strong><em>missum</em></strong></span> <span class='ocrx_word' id='word_1_237' title='bbox 897 2603 995 2667; x_wconf 80' lang='lat' dir='ltr'><strong><em>facio.</em></strong></span> <span class='ocrx_word' id='word_1_238' title='bbox 1046 2601 1160 2683; x_wconf 88' lang='lat' dir='ltr'><strong><em>Neque</em></strong></span> <span class='ocrx_word' id='word_1_239' title='bbox 1186 2599 1266 2662; x_wconf 89' lang='lat' dir='ltr'><strong><em>enim</em></strong></span> <span class='ocrx_word' id='word_1_240' title='bbox 1290 2599 1389 2661; x_wconf 80' lang='lat' dir='ltr'><strong><em>refert</em></strong></span> <span class='ocrx_word' id='word_1_241' title='bbox 1417 2600 1459 2665; x_wconf 87' lang='lat' dir='ltr'><strong><em>ad</em></strong></span> 
     </span>
     <span class='ocr_line' id='line_1_26' title="bbox 137 2688 1460 2784; baseline -0.003 -22"><span class='ocrx_word' id='word_1_242' title='bbox 137 2688 332 2784; x_wconf 79' lang='lat' dir='ltr'><strong><em>agnitionem</em></strong></span> <span class='ocrx_word' id='word_1_243' title='bbox 355 2700 441 2776; x_wconf 92' lang='lat' dir='ltr'><strong><em>veri,</em></strong></span> <span class='ocrx_word' id='word_1_244' title='bbox 474 2701 572 2784; x_wconf 74' lang='lat' dir='ltr'><strong><em>quint</em></strong></span> <span class='ocrx_word' id='word_1_245' title='bbox 600 2703 639 2764; x_wconf 89' lang='lat' dir='ltr'><strong><em>de</em></strong></span> <span class='ocrx_word' id='word_1_246' title='bbox 665 2703 776 2765; x_wconf 87' lang='lat' dir='ltr'><strong><em>eodem</em></strong></span> <span class='ocrx_word' id='word_1_247' title='bbox 800 2696 924 2778; x_wconf 87' lang='lat' dir='ltr'><strong><em>saepius</em></strong></span> <span class='ocrx_word' id='word_1_248' title='bbox 947 2694 1081 2779; x_wconf 86' lang='lat' dir='ltr'><strong><em>quisque</em></strong></span> <span class='ocrx_word' id='word_1_249' title='bbox 1104 2695 1237 2769; x_wconf 86' lang='lat' dir='ltr'><strong><em>dixerit,</em></strong></span> <span class='ocrx_word' id='word_1_250' title='bbox 1266 2715 1358 2777; x_wconf 88' lang='lat' dir='ltr'><strong><em>quam</em></strong></span> <span class='ocrx_word' id='word_1_251' title='bbox 1383 2694 1460 2777; x_wconf 85' lang='lat' dir='ltr'><strong><em>quid</em></strong></span> 
     </span>
     <span class='ocr_line' id='line_1_27' title="bbox 139 2786 1505 2878; baseline -0.007 -22"><span class='ocrx_word' id='word_1_252' title='bbox 139 2792 273 2856; x_wconf 84' lang='lat' dir='ltr'><strong><em>senserit</em></strong></span> <span class='ocrx_word' id='word_1_253' title='bbox 296 2815 467 2878; x_wconf 84' lang='lat' dir='ltr'><strong><em>quaerere,</em></strong></span> <span class='ocrx_word' id='word_1_254' title='bbox 493 2794 566 2878; x_wconf 87' lang='lat' dir='ltr'><strong><em>quia</em></strong></span> <span class='ocrx_word' id='word_1_255' title='bbox 588 2794 619 2856; x_wconf 90' lang='lat' dir='ltr'><strong><em>in</em></strong></span> <span class='ocrx_word' id='word_1_256' title='bbox 643 2816 736 2876; x_wconf 87' lang='lat' dir='ltr'><strong><em>saepe</em></strong></span> <span class='ocrx_word' id='word_1_257' title='bbox 760 2792 850 2855; x_wconf 88' lang='lat' dir='ltr'><strong><em>dictis</em></strong></span> <span class='ocrx_word' id='word_1_258' title='bbox 873 2810 930 2851; x_wconf 89' lang='lat' dir='ltr'><strong><em>nec</em></strong></span> <span class='ocrx_word' id='word_1_259' title='bbox 954 2788 1083 2851; x_wconf 87' lang='lat' dir='ltr'><strong><em>uberior</em></strong></span> <span class='ocrx_word' id='word_1_260' title='bbox 1097 2800 1154 2863; x_wconf 52' lang='lat' dir='ltr'><strong><em>‚cst</em></strong></span> <span class='ocrx_word' id='word_1_261' title='bbox 1176 2786 1318 2870; x_wconf 82' lang='lat' dir='ltr'><strong><em>cognitio</em></strong></span> <span class='ocrx_word' id='word_1_262' title='bbox 1340 2808 1456 2863; x_wconf 86' lang='lat' dir='ltr'><strong><em>rerum,</em></strong></span> <span class='ocrx_word' id='word_1_263' title='bbox 1493 2856 1505 2875; x_wconf 39' lang='grc' dir='ltr'><strong><em>Ι</em></strong></span> 
     </span>
     <span class='ocr_line' id='line_1_28' title="bbox 139 2882 1458 2969; baseline -0.006 -21"><span class='ocrx_word' id='word_1_264' title='bbox 139 2887 254 2969; x_wconf 75' lang='lat' dir='ltr'><strong><em>quam⁷</em></strong></span> <span class='ocrx_word' id='word_1_265' title='bbox 275 2885 315 2948; x_wconf 87' lang='lat' dir='ltr'><strong><em>sit</em></strong></span> <span class='ocrx_word' id='word_1_266' title='bbox 338 2888 505 2969; x_wconf 83' lang='lat' dir='ltr'><strong><em>prolixitas</em></strong></span> <span class='ocrx_word' id='word_1_267' title='bbox 529 2909 666 2953; x_wconf 87' lang='lat' dir='ltr'><strong><em>onerosa</em></strong></span> <span class='ocrx_word' id='word_1_268' title='bbox 688 2888 873 2951; x_wconf 87' lang='lat' dir='ltr'><strong><em>verborum.</em></strong></span> <span class='ocrx_word' id='word_1_269' title='bbox 928 2882 1136 2963; x_wconf 86' lang='lat' dir='ltr'><strong><em>Quapropter</em></strong></span> <span class='ocrx_word' id='word_1_270' title='bbox 1157 2882 1191 2943; x_wconf 87' lang='lat' dir='ltr'><strong><em>in</em></strong></span> <span class='ocrx_word' id='word_1_271' title='bbox 1213 2882 1458 2943; x_wconf 84' lang='lat' dir='ltr'><strong><em>adstructionem</em></strong></span> 
     </span>
     <span class='ocr_line' id='line_1_29' title="bbox 139 2973 1459 3065; baseline -0.008 -22"><span class='ocrx_word' id='word_1_272' title='bbox 139 2979 210 3043; x_wconf 88' lang='lat' dir='ltr'><strong><em>veri</em></strong></span> <span class='ocrx_word' id='word_1_273' title='bbox 235 2979 334 3065; x_wconf 86' lang='lat' dir='ltr'><strong><em>magis</em></strong></span> <span class='ocrx_word' id='word_1_274' title='bbox 348 2982 618 3044; x_wconf 33' lang='lat' dir='ltr'><strong><em>,considerandum</em></strong></span> <span class='ocrx_word' id='word_1_275' title='bbox 642 2992 708 3056; x_wconf 89' lang='lat' dir='ltr'><strong><em>est,</em></strong></span> <span class='ocrx_word' id='word_1_276' title='bbox 740 2978 816 3064; x_wconf 87' lang='lat' dir='ltr'><strong><em>quid</em></strong></span> <span class='ocrx_word' id='word_1_277' title='bbox 838 2998 931 3039; x_wconf 88' lang='lat' dir='ltr'><strong><em>unum</em></strong></span> <span class='ocrx_word' id='word_1_278' title='bbox 949 2975 1041 3036; x_wconf 81' lang='lat' dir='ltr'><strong><em>msilti</em></strong></span> <span class='ocrx_word' id='word_1_279' title='bbox 1064 2973 1237 3061; x_wconf 80' lang='lat' dir='ltr'><strong><em>senserint,</em></strong></span> <span class='ocrx_word' id='word_1_280' title='bbox 1268 2992 1360 3056; x_wconf 81' lang='lat' dir='ltr'><strong><em>quani</em></strong></span> <span class='ocrx_word' id='word_1_281' title='bbox 1383 2973 1459 3055; x_wconf 88' lang='lat' dir='ltr'><strong><em>quid</em></strong></span> 
     </span>
     <span class='ocr_line' id='line_1_30' title="bbox 138 3064 1460 3160; baseline -0.007 -24"><span class='ocrx_word' id='word_1_282' title='bbox 138 3064 218 3136; x_wconf 80' lang='lat' dir='ltr'><strong><em>unus</em></strong></span> <span class='ocrx_word' id='word_1_283' title='bbox 235 3094 330 3156; x_wconf 88' lang='lat' dir='ltr'><strong><em>saepe</em></strong></span> <span class='ocrx_word' id='word_1_284' title='bbox 348 3074 476 3138; x_wconf 80' lang='lat' dir='ltr'><strong><em>dixerit.</em></strong></span> <span class='ocrx_word' id='word_1_285' title='bbox 521 3077 597 3160; x_wconf 85' lang='lat' dir='ltr'><strong><em>Ego</em></strong></span> <span class='ocrx_word' id='word_1_286' title='bbox 615 3088 719 3138; x_wconf 90' lang='lat' dir='ltr'><strong><em>tamen</em></strong></span> <span class='ocrx_word' id='word_1_287' title='bbox 737 3074 924 3146; x_wconf 87' lang='lat' dir='ltr'><strong><em>Platonem,</em></strong></span> <span class='ocrx_word' id='word_1_288' title='bbox 956 3079 1054 3152; x_wconf 89' lang='lat' dir='ltr'><strong><em>prout</em></strong></span> <span class='ocrx_word' id='word_1_289' title='bbox 1080 3089 1146 3130; x_wconf 92' lang='lat' dir='ltr'><strong><em>mea</em></strong></span> <span class='ocrx_word' id='word_1_290' title='bbox 1165 3067 1275 3148; x_wconf 89' lang='lat' dir='ltr'><strong><em>opinio</em></strong></span> <span class='ocrx_word' id='word_1_291' title='bbox 1296 3078 1360 3140; x_wconf 85' lang='lat' dir='ltr'><strong><em>est,</em></strong></span> <span class='ocrx_word' id='word_1_292' title='bbox 1386 3064 1460 3147; x_wconf 87' lang='lat' dir='ltr'><strong><em>pbi-</em></strong></span> 
     </span>
     <span class='ocr_line' id='line_1_31' title="bbox 42 3157 1457 3250; baseline -0.006 -22"><span class='ocrx_word' id='word_1_293' title='bbox 42 3193 45 3198; x_wconf 91' lang='lat'><em>·</em></span> <span class='ocrx_word' id='word_1_294' title='bbox 97 3199 101 3207; x_wconf 86' lang='lat'><strong>·</strong></span> <span class='ocrx_word' id='word_1_295' title='bbox 138 3166 349 3247; x_wconf 89' lang='lat' dir='ltr'><strong><em>losophorum</em></strong></span> <span class='ocrx_word' id='word_1_296' title='bbox 371 3168 508 3230; x_wconf 90' lang='lat' dir='ltr'><strong><em>omnium</em></strong></span> <span class='ocrx_word' id='word_1_297' title='bbox 532 3168 643 3231; x_wconf 89' lang='lat' dir='ltr'><strong><em>merito</em></strong></span> <span class='ocrx_word' id='word_1_298' title='bbox 669 3168 863 3250; x_wconf 86' lang='lat' dir='ltr'><strong><em>principem,</em></strong></span> <span class='ocrx_word' id='word_1_299' title='bbox 887 3166 918 3228; x_wconf 91' lang='lat' dir='ltr'><strong><em>in</em></strong></span> <span class='ocrx_word' id='word_1_300' title='bbox 940 3162 1102 3248; x_wconf 83' lang='lat' dir='ltr'><strong><em>negotium</em></strong></span> <span class='ocrx_word' id='word_1_301' title='bbox 1125 3182 1293 3243; x_wconf 69' lang='lat' dir='ltr'><strong><em>praesens,</em></strong></span> <span class='ocrx_word' id='word_1_302' title='bbox 1321 3157 1457 3221; x_wconf 57' lang='lat' dir='ltr'><strong><em>admira*</em></strong></span> 
     </span>
    </p>
   </div>
   <div class='ocr_carea' id='block_1_3' title="bbox 138 3250 1660 3343">
    <p class='ocr_par' dir='ltr' id='par_1_3' title="bbox 138 3250 1660 3343">
     <span class='ocr_line' id='line_1_32' title="bbox 138 3250 1660 3343; baseline -0.006 -19"><span class='ocrx_word' id='word_1_303' title='bbox 138 3262 224 3325; x_wconf 87' lang='lat' dir='ltr'><strong><em>tione</em></strong></span> <span class='ocrx_word' id='word_1_304' title='bbox 247 3263 292 3324; x_wconf 87' lang='lat' dir='ltr'><strong><em>sui</em></strong></span> <span class='ocrx_word' id='word_1_305' title='bbox 316 3265 508 3343; x_wconf 82' lang='lat' dir='ltr'><strong><em>pellectus⁸‚</em></strong></span> <span class='ocrx_word' id='word_1_306' title='bbox 532 3277 640 3327; x_wconf 87' lang='lat' dir='ltr'><strong><em>testem</em></strong></span> <span class='ocrx_word' id='word_1_307' title='bbox 668 3284 762 3343; x_wconf 88' lang='lat' dir='ltr'><strong><em>saepe</em></strong></span> <span class='ocrx_word' id='word_1_308' title='bbox 786 3257 935 3332; x_wconf 87' lang='lat' dir='ltr'><strong><em>vocitavi,</em></strong></span> <span class='ocrx_word' id='word_1_309' title='bbox 960 3254 1131 3341; x_wconf 89' lang='lat' dir='ltr'><strong><em>quamlibet</em></strong></span> <span class='ocrx_word' id='word_1_310' title='bbox 1154 3274 1235 3338; x_wconf 87' lang='lat' dir='ltr'><strong><em>quae</em></strong></span> <span class='ocrx_word' id='word_1_311' title='bbox 1257 3253 1348 3334; x_wconf 92' lang='lat' dir='ltr'><strong><em>plura</em></strong></span> <span class='ocrx_word' id='word_1_312' title='bbox 1363 3250 1457 3315; x_wconf 85' lang='lat' dir='ltr'><strong><em>isthic</em></strong></span> <span class='ocrx_word' id='word_1_313' title='bbox 1512 3258 1566 3325; x_wconf 59' lang='lat'><strong><em>„⁸</em></strong></span> <span class='ocrx_word' id='word_1_314' title='bbox 1659 3250 1660 3265; x_wconf 56' lang='lat'>¹</span> 
     </span>
    </p>
   </div>
   <div class='ocr_carea' id='block_1_4' title="bbox 76 3345 1459 3721">
    <p class='ocr_par' dir='ltr' id='par_1_4' title="bbox 140 3345 1455 3440">
     <span class='ocr_line' id='line_1_33' title="bbox 140 3345 1455 3440; baseline -0.008 -24"><span class='ocrx_word' id='word_1_315' title='bbox 140 3355 275 3417; x_wconf 90' lang='lat' dir='ltr'><strong><em>eiusdem</em></strong></span> <span class='ocrx_word' id='word_1_316' title='bbox 303 3355 410 3440; x_wconf 79' lang='lat' dir='ltr'><strong><em>leges⁹</em></strong></span> <span class='ocrx_word' id='word_1_317' title='bbox 436 3356 606 3420; x_wconf 89' lang='lat' dir='ltr'><strong><em>innumeris</em></strong></span> <span class='ocrx_word' id='word_1_318' title='bbox 636 3365 838 3438; x_wconf 85' lang='lat' dir='ltr'><strong><em>comparata,</em></strong></span> <span class='ocrx_word' id='word_1_319' title='bbox 872 3371 952 3434; x_wconf 86' lang='lat' dir='ltr'><strong><em>qnae</em></strong></span> <span class='ocrx_word' id='word_1_320' title='bbox 982 3369 1078 3428; x_wconf 90' lang='lat' dir='ltr'><strong><em>super</em></strong></span> <span class='ocrx_word' id='word_1_321' title='bbox 1103 3345 1203 3408; x_wconf 82' lang='lat' dir='ltr'><strong><em>anima</em></strong></span> <span class='ocrx_word' id='word_1_322' title='bbox 1229 3346 1455 3422; x_wconf 70' lang='lat' dir='ltr'><strong><em>dissertavittt,</em></strong></span> 
     </span>
    </p>

    <p class='ocr_par' dir='ltr' id='par_1_5' title="bbox 76 3436 1459 3721">
     <span class='ocr_line' id='line_1_34' title="bbox 140 3436 1459 3530; baseline -0.005 -22"><span class='ocrx_word' id='word_1_323' title='bbox 140 3470 236 3530; x_wconf 86' lang='lat' dir='ltr'><strong><em>pauca</em></strong></span> <span class='ocrx_word' id='word_1_324' title='bbox 264 3436 430 3512; x_wconf 88' lang='lat' dir='ltr'><strong><em>admodum</em></strong></span> <span class='ocrx_word' id='word_1_325' title='bbox 453 3472 594 3514; x_wconf 86' lang='lat' dir='ltr'><strong><em>censeas.</em></strong></span> <span class='ocrx_word' id='word_1_326' title='bbox 645 3450 707 3510; x_wconf 90' lang='lat' dir='ltr'><strong><em>Sed</em></strong></span> <span class='ocrx_word' id='word_1_327' title='bbox 733 3468 790 3510; x_wconf 87' lang='lat' dir='ltr'><strong><em>nec</em></strong></span> <span class='ocrx_word' id='word_1_328' title='bbox 812 3442 1014 3525; x_wconf 86' lang='lat' dir='ltr'><strong><em>Porphyrius</em></strong></span> <span class='ocrx_word' id='word_1_329' title='bbox 1037 3439 1227 3504; x_wconf 88' lang='lat' dir='ltr'><strong><em>Platonicus</em></strong></span> <span class='ocrx_word' id='word_1_330' title='bbox 1253 3438 1357 3501; x_wconf 88' lang='lat' dir='ltr'><strong><em>multis</em></strong></span> <span class='ocrx_word' id='word_1_331' title='bbox 1385 3450 1459 3519; x_wconf 86' lang='lat' dir='ltr'><strong><em>post</em></strong></span> 
     </span>
     <span class='ocr_line' id='line_1_35' title="bbox 76 3526 1456 3627; baseline -0.009 -23"><span class='ocrx_word' id='word_1_332' title='bbox 76 3526 81 3538; x_wconf 44' lang='lat'>⁸</span> <span class='ocrx_word' id='word_1_333' title='bbox 140 3539 309 3603; x_wconf 88' lang='lat' dir='ltr'><strong><em>Platonem</em></strong></span> <span class='ocrx_word' id='word_1_334' title='bbox 338 3543 488 3606; x_wconf 87' lang='lat' dir='ltr'><strong><em>seculis¹¹</em></strong></span> <span class='ocrx_word' id='word_1_335' title='bbox 515 3566 533 3606; x_wconf 88' lang='lat' dir='ltr'><strong><em>a</em></strong></span> <span class='ocrx_word' id='word_1_336' title='bbox 558 3541 710 3627; x_wconf 87' lang='lat' dir='ltr'><strong><em>magistro</em></strong></span> <span class='ocrx_word' id='word_1_337' title='bbox 739 3540 860 3621; x_wconf 88' lang='lat' dir='ltr'><strong><em>uspiam</em></strong></span> <span class='ocrx_word' id='word_1_338' title='bbox 887 3537 924 3601; x_wconf 83' lang='lat' dir='ltr'><strong><em>in</em></strong></span> <span class='ocrx_word' id='word_1_339' title='bbox 943 3537 1003 3597; x_wconf 89' lang='lat' dir='ltr'><strong><em>hac</em></strong></span> <span class='ocrx_word' id='word_1_340' title='bbox 1029 3536 1135 3595; x_wconf 83' lang='lat' dir='ltr'><strong><em>cadem</em></strong></span> <span class='ocrx_word' id='word_1_341' title='bbox 1173 3554 1268 3595; x_wconf 87' lang='lat' dir='ltr'><strong><em>causa</em></strong></span> <span class='ocrx_word' id='word_1_342' title='bbox 1300 3532 1456 3594; x_wconf 77' lang='lat' dir='ltr'><strong><em>dissensit.</em></strong></span> 
     </span>
     <span class='ocr_line' id='line_1_36' title="bbox 141 3624 1459 3721; baseline -0.008 -26"><span class='ocrx_word' id='word_1_343' title='bbox 141 3632 260 3696; x_wconf 88' lang='lat' dir='ltr'><strong><em>Illustri</em></strong></span> <span class='ocrx_word' id='word_1_344' title='bbox 280 3634 398 3717; x_wconf 91' lang='lat' dir='ltr'><strong><em>quippe</em></strong></span> <span class='ocrx_word' id='word_1_345' title='bbox 418 3657 500 3699; x_wconf 88' lang='lat' dir='ltr'><strong><em>voce</em></strong></span> <span class='ocrx_word' id='word_1_346' title='bbox 521 3658 619 3721; x_wconf 88' lang='lat' dir='ltr'><strong><em>genus</em></strong></span> <span class='ocrx_word' id='word_1_347' title='bbox 638 3636 805 3696; x_wconf 87' lang='lat' dir='ltr'><strong><em>humanum</em></strong></span> <span class='ocrx_word' id='word_1_348' title='bbox 828 3652 901 3694; x_wconf 89' lang='lat' dir='ltr'><strong><em>suae</em></strong></span> <span class='ocrx_word' id='word_1_349' title='bbox 921 3624 1080 3711; x_wconf 68' lang='lat' dir='ltr'><strong><em>dignitatis</em></strong></span> <span class='ocrx_word' id='word_1_350' title='bbox 1104 3627 1282 3696; x_wconf 85' lang='lat' dir='ltr'><strong><em>admonuit:</em></strong></span> <span class='ocrx_word' id='word_1_351' title='bbox 1310 3625 1349 3688; x_wconf 84' lang='lat' dir='ltr'><strong><em>Si</em></strong></span> <span class='ocrx_word' id='word_1_352' title='bbox 1370 3624 1459 3686; x_wconf 83' lang='lat' dir='ltr'><strong><em>beati</em></strong></span> 
     </span>
    </p>
   </div>
   <div class='ocr_carea' id='block_1_5' title="bbox 131 3716 1459 3907">
    <p class='ocr_par' dir='ltr' id='par_1_6' title="bbox 131 3716 1459 3907">
     <span class='ocr_line' id='line_1_37' title="bbox 131 3716 1459 3813; baseline -0.01 -24"><span class='ocrx_word' id='word_1_353' title='bbox 131 3727 250 3813; x_wconf 73' lang='lat' dir='ltr'><strong><em>inquit,</em></strong></span> <span class='ocrx_word' id='word_1_354' title='bbox 277 3733 539 3806; x_wconf 85' lang='lat' dir='ltr'><strong><em>essevolumus,</em></strong></span> <span class='ocrx_word' id='word_1_355' title='bbox 565 3750 691 3812; x_wconf 87' lang='lat' dir='ltr'><strong><em>corpus</em></strong></span> <span class='ocrx_word' id='word_1_356' title='bbox 713 3738 765 3789; x_wconf 88' lang='lat' dir='ltr'><strong><em>est</em></strong></span> <span class='ocrx_word' id='word_1_357' title='bbox 785 3744 884 3788; x_wconf 89' lang='lat' dir='ltr'><strong><em>omne</em></strong></span> <span class='ocrx_word' id='word_1_358' title='bbox 895 3720 1128 3813; x_wconf 82' lang='lat' dir='ltr'><strong><em>fugiendum.</em></strong></span> <span class='ocrx_word' id='word_1_359' title='bbox 1167 3720 1227 3783; x_wconf 89' lang='lat' dir='ltr'><strong><em>Est</em></strong></span> <span class='ocrx_word' id='word_1_360' title='bbox 1246 3739 1327 3801; x_wconf 88' lang='lat' dir='ltr'><strong><em>ergo</em></strong></span> <span class='ocrx_word' id='word_1_361' title='bbox 1352 3716 1459 3779; x_wconf 88' lang='lat' dir='ltr'><strong><em>incor-</em></strong></span> 
     </span>
     <span class='ocr_line' id='line_1_38' title="bbox 139 3811 1457 3907; baseline -0.01 -25"><span class='ocrx_word' id='word_1_362' title='bbox 139 3841 268 3900; x_wconf 86' lang='lat' dir='ltr'><strong><em>poreum</em></strong></span> <span class='ocrx_word' id='word_1_363' title='bbox 291 3818 436 3907; x_wconf 85' lang='lat' dir='ltr'><strong><em>quiddam</em></strong></span> <span class='ocrx_word' id='word_1_364' title='bbox 456 3825 486 3887; x_wconf 90' lang='lat' dir='ltr'><strong><em>in</em></strong></span> <span class='ocrx_word' id='word_1_365' title='bbox 504 3824 615 3899; x_wconf 89' lang='lat' dir='ltr'><strong><em>nobis,</em></strong></span> <span class='ocrx_word' id='word_1_366' title='bbox 642 3822 691 3885; x_wconf 83' lang='lat' dir='ltr'><strong><em>eiii</em></strong></span> <span class='ocrx_word' id='word_1_367' title='bbox 712 3822 847 3881; x_wconf 87' lang='lat' dir='ltr'><strong><em>adversa</em></strong></span> <span class='ocrx_word' id='word_1_368' title='bbox 858 3816 1012 3898; x_wconf 78' lang='lat' dir='ltr'><strong><em>&#39;corporis</em></strong></span> <span class='ocrx_word' id='word_1_369' title='bbox 1030 3813 1172 3876; x_wconf 86' lang='lat' dir='ltr'><strong><em>universi</em></strong></span> <span class='ocrx_word' id='word_1_370' title='bbox 1191 3812 1341 3893; x_wconf 80' lang='lat' dir='ltr'><strong><em>contagio</em></strong></span> <span class='ocrx_word' id='word_1_371' title='bbox 1351 3811 1377 3851; x_wconf 73' lang='lat'><strong><em>¹⁹</em></strong></span> <span class='ocrx_word' id='word_1_372' title='bbox 1397 3818 1457 3870; x_wconf 84' lang='lat' dir='ltr'><strong><em>est.</em></strong></span> 
     </span>
    </p>
   </div>
   <div class='ocr_carea' id='block_1_6' title="bbox 140 3901 1458 4261">
    <p class='ocr_par' dir='ltr' id='par_1_7' title="bbox 140 3901 1458 4189">
     <span class='ocr_line' id='line_1_39' title="bbox 142 3901 1458 4005; baseline -0.01 -31"><span class='ocrx_word' id='word_1_373' title='bbox 142 3914 184 3975; x_wconf 88' lang='lat' dir='ltr'><strong><em>Et</em></strong></span> <span class='ocrx_word' id='word_1_374' title='bbox 203 3914 280 3997; x_wconf 89' lang='lat' dir='ltr'><strong><em>quid</em></strong></span> <span class='ocrx_word' id='word_1_375' title='bbox 300 3915 383 3981; x_wconf 90' lang='lat' dir='ltr'><strong><em>istud</em></strong></span> <span class='ocrx_word' id='word_1_376' title='bbox 406 3917 484 3993; x_wconf 88' lang='lat' dir='ltr'><strong><em>erit,</em></strong></span> <span class='ocrx_word' id='word_1_377' title='bbox 516 3918 576 3981; x_wconf 89' lang='lat' dir='ltr'><strong><em>nisi</em></strong></span> <span class='ocrx_word' id='word_1_378' title='bbox 597 3919 703 4000; x_wconf 86' lang='lat' dir='ltr'><strong><em>imago</em></strong></span> <span class='ocrx_word' id='word_1_379' title='bbox 727 3913 812 3977; x_wconf 76' lang='lat' dir='ltr'><strong><em>Dei?</em></strong></span> <span class='ocrx_word' id='word_1_380' title='bbox 839 3913 882 3974; x_wconf 89' lang='lat' dir='ltr'><strong><em>Et</em></strong></span> <span class='ocrx_word' id='word_1_381' title='bbox 905 3910 979 3995; x_wconf 87' lang='lat' dir='ltr'><strong><em>quid</em></strong></span> <span class='ocrx_word' id='word_1_382' title='bbox 989 3910 1013 3949; x_wconf 83' lang='lat'><strong><em>¹³</em></strong></span> <span class='ocrx_word' id='word_1_383' title='bbox 1035 3907 1141 3990; x_wconf 83' lang='lat' dir='ltr'><strong><em>imago</em></strong></span> <span class='ocrx_word' id='word_1_384' title='bbox 1161 3904 1241 3980; x_wconf 87' lang='lat' dir='ltr'><strong><em>Dei,</em></strong></span> <span class='ocrx_word' id='word_1_385' title='bbox 1272 3901 1330 4005; x_wconf 75' lang='lat' dir='ltr'><strong><em>nisi</em></strong></span> <span class='ocrx_word' id='word_1_386' title='bbox 1347 3901 1458 3962; x_wconf 81' lang='lat' dir='ltr'><strong><em>huma·</em></strong></span> 
     </span>
     <span class='ocr_line' id='line_1_40' title="bbox 140 4005 1457 4093; baseline -0.008 -26"><span class='ocrx_word' id='word_1_387' title='bbox 140 4027 196 4069; x_wconf 90' lang='lat' dir='ltr'><strong><em>nus</em></strong></span> <span class='ocrx_word' id='word_1_388' title='bbox 217 4009 361 4072; x_wconf 81' lang='lat' dir='ltr'><strong><em>animus?</em></strong></span> <span class='ocrx_word' id='word_1_389' title='bbox 398 4011 451 4093; x_wconf 89' lang='lat' dir='ltr'><strong><em>qui</em></strong></span> <span class='ocrx_word' id='word_1_390' title='bbox 473 4011 499 4073; x_wconf 92' lang='lat' dir='ltr'><strong><em>si</em></strong></span> <span class='ocrx_word' id='word_1_391' title='bbox 521 4012 551 4073; x_wconf 92' lang='lat' dir='ltr'><strong><em>in</em></strong></span> <span class='ocrx_word' id='word_1_392' title='bbox 562 4013 588 4052; x_wconf 64' lang='lat'><strong><em>¹⁴</em></strong></span> <span class='ocrx_word' id='word_1_393' title='bbox 610 4029 748 4091; x_wconf 88' lang='lat' dir='ltr'><strong><em>corpore</em></strong></span> <span class='ocrx_word' id='word_1_394' title='bbox 769 4008 881 4068; x_wconf 91' lang='lat' dir='ltr'><strong><em>beatus</em></strong></span> <span class='ocrx_word' id='word_1_395' title='bbox 905 4023 973 4066; x_wconf 88' lang='lat' dir='ltr'><strong><em>esse</em></strong></span> <span class='ocrx_word' id='word_1_396' title='bbox 996 4022 1059 4066; x_wconf 88' lang='lat' dir='ltr'><strong><em>non</em></strong></span> <span class='ocrx_word' id='word_1_397' title='bbox 1080 4009 1207 4082; x_wconf 88' lang='lat' dir='ltr'><strong><em>potest,</em></strong></span> <span class='ocrx_word' id='word_1_398' title='bbox 1251 4005 1282 4058; x_wconf 91' lang='lat' dir='ltr'><strong><em>et</em></strong></span> <span class='ocrx_word' id='word_1_399' title='bbox 1303 4006 1457 4075; x_wconf 80' lang='lat' dir='ltr'><strong><em>incorpo-</em></strong></span> 
     </span>
     <span class='ocr_line' id='line_1_41' title="bbox 140 4090 1213 4189; baseline -0.009 -26"><span class='ocrx_word' id='word_1_400' title='bbox 140 4120 210 4163; x_wconf 89' lang='lat' dir='ltr'><strong><em>reus</em></strong></span> <span class='ocrx_word' id='word_1_401' title='bbox 232 4122 296 4164; x_wconf 92' lang='lat' dir='ltr'><strong><em>non</em></strong></span> <span class='ocrx_word' id='word_1_402' title='bbox 319 4115 383 4176; x_wconf 88' lang='lat' dir='ltr'><strong><em>est;</em></strong></span> <span class='ocrx_word' id='word_1_403' title='bbox 411 4126 568 4189; x_wconf 89' lang='lat' dir='ltr'><strong><em>nunquam</em></strong></span> <span class='ocrx_word' id='word_1_404' title='bbox 592 4105 702 4168; x_wconf 77' lang='lat' dir='ltr'><strong><em>beatiss</em></strong></span> <span class='ocrx_word' id='word_1_405' title='bbox 726 4101 805 4177; x_wconf 90' lang='lat' dir='ltr'><strong><em>erit,</em></strong></span> <span class='ocrx_word' id='word_1_406' title='bbox 835 4094 976 4184; x_wconf 86' lang='lat' dir='ltr'><strong><em>quisine</em></strong></span> <span class='ocrx_word' id='word_1_407' title='bbox 999 4118 1032 4158; x_wconf 87' lang='lat' dir='ltr'><strong><em>se</em></strong></span> <span class='ocrx_word' id='word_1_408' title='bbox 1055 4115 1119 4158; x_wconf 87' lang='lat' dir='ltr'><strong><em>non</em></strong></span> <span class='ocrx_word' id='word_1_409' title='bbox 1141 4090 1213 4153; x_wconf 86' lang='lat' dir='ltr'><strong><em>erit.</em></strong></span> 
     </span>
    </p>

    <p class='ocr_par' dir='ltr' id='par_1_8' title="bbox 150 4222 1448 4261">
     <span class='ocr_line' id='line_1_42' title="bbox 150 4222 1448 4261; baseline -0.01 -10"><span class='ocrx_word' id='word_1_410' title='bbox 150 4222 1448 4261; x_wconf 87' lang='lat'><em>.-..-.......-------—----·-····-</em></span> 
     </span>
    </p>
   </div>
   <div class='ocr_carea' id='block_1_7' title="bbox 43 4311 1458 5015">
    <p class='ocr_par' dir='ltr' id='par_1_9' title="bbox 43 4311 1458 4405">
     <span class='ocr_line' id='line_1_43' title="bbox 43 4311 1458 4405; baseline -0.021 -11"><span class='ocrx_word' id='word_1_411' title='bbox 43 4392 46 4401; x_wconf 83' lang='lat'><strong><em>,</em></strong></span> <span class='ocrx_word' id='word_1_412' title='bbox 210 4334 248 4401; x_wconf 84' lang='lat'><strong><em>(¹)</em></strong></span> <span class='ocrx_word' id='word_1_413' title='bbox 267 4334 315 4389; x_wconf 83' lang='lat' dir='ltr'><strong><em>stc</em></strong></span> <span class='ocrx_word' id='word_1_414' title='bbox 329 4333 385 4389; x_wconf 86' lang='lat' dir='ltr'><strong><em>SG.</em></strong></span> <span class='ocrx_word' id='word_1_415' title='bbox 397 4363 435 4375; x_wconf 93' lang='lat'><em>-</em></span> <span class='ocrx_word' id='word_1_416' title='bbox 447 4334 542 4385; x_wconf 86' lang='lat' dir='ltr'><strong><em>illecto</em></strong></span> <span class='ocrx_word' id='word_1_417' title='bbox 557 4342 647 4385; x_wconf 85' lang='lat' dir='ltr'><strong><em>mente</em></strong></span> <span class='ocrx_word' id='word_1_418' title='bbox 657 4333 731 4404; x_wconf 73' lang='lat' dir='ltr'><strong><em>full.</em></strong></span> <span class='ocrx_word' id='word_1_419' title='bbox 748 4331 911 4402; x_wconf 80' lang='lat' dir='ltr'><strong><em>corporibus</em></strong></span> <span class='ocrx_word' id='word_1_420' title='bbox 924 4316 989 4380; x_wconf 80' lang='grc' dir='ltr'><strong><em>ΜΒ.</em></strong></span> <span class='ocrx_word' id='word_1_421' title='bbox 1027 4324 1064 4389; x_wconf 75' lang='lat'><strong><em>(⁹)</em></strong></span> <span class='ocrx_word' id='word_1_422' title='bbox 1083 4350 1120 4365; x_wconf 85' lang='lat'><strong><em>-—</em></strong></span> <span class='ocrx_word' id='word_1_423' title='bbox 1136 4336 1191 4373; x_wconf 86' lang='lat' dir='ltr'><strong><em>om.</em></strong></span> <span class='ocrx_word' id='word_1_424' title='bbox 1210 4333 1266 4369; x_wconf 84' lang='lat' dir='ltr'><strong><em>non</em></strong></span> <span class='ocrx_word' id='word_1_425' title='bbox 1279 4316 1314 4397; x_wconf 79' lang='lat'><strong><em>⁰:</em></strong></span> <span class='ocrx_word' id='word_1_426' title='bbox 1332 4350 1337 4355; x_wconf 91' lang='lat'><em>·</em></span> <span class='ocrx_word' id='word_1_427' title='bbox 1353 4312 1391 4379; x_wconf 80' lang='lat'><strong><em>(³)</em></strong></span> <span class='ocrx_word' id='word_1_428' title='bbox 1411 4311 1458 4405; x_wconf 63' lang='lat' dir='ltr'><strong><em>Sie</em></strong></span> 
     </span>
    </p>

    <p class='ocr_par' dir='ltr' id='par_1_10' title="bbox 100 4384 1458 4925">
     <span class='ocr_line' id='line_1_44' title="bbox 144 4384 1456 4480; baseline -0.02 -16"><span class='ocrx_word' id='word_1_429' title='bbox 144 4405 195 4461; x_wconf 77' lang='lat' dir='ltr'><strong><em>SG.</em></strong></span> <span class='ocrx_word' id='word_1_430' title='bbox 218 4437 256 4452; x_wconf 94' lang='lat'>-</span> <span class='ocrx_word' id='word_1_431' title='bbox 282 4426 365 4480; x_wconf 74' lang='lat' dir='ltr'><strong><em>serpen</em></strong></span> <span class='ocrx_word' id='word_1_432' title='bbox 390 4408 434 4460; x_wconf 80' lang='lat' dir='ltr'><strong><em>his</em></strong></span> <span class='ocrx_word' id='word_1_433' title='bbox 458 4409 714 4479; x_wconf 78' lang='lat' dir='ltr'><strong><em>deargrrmentabor</em></strong></span> <span class='ocrx_word' id='word_1_434' title='bbox 741 4409 805 4460; x_wconf 85' lang='grc' dir='ltr'><strong><em>ΜΒ.</em></strong></span> <span class='ocrx_word' id='word_1_435' title='bbox 857 4408 911 4459; x_wconf 84' lang='lat' dir='ltr'><strong><em>Hic</em></strong></span> <span class='ocrx_word' id='word_1_436' title='bbox 937 4399 1069 4472; x_wconf 80' lang='lat' dir='ltr'><strong><em>explicat:</em></strong></span> <span class='ocrx_word' id='word_1_437' title='bbox 1105 4396 1214 4463; x_wconf 78' lang='lat' dir='ltr'><strong><em>„lint-m</em></strong></span> <span class='ocrx_word' id='word_1_438' title='bbox 1245 4384 1456 4460; x_wconf 74' lang='lat' dir='ltr'><strong><em>argimcnundi</em></strong></span> 
     </span>
     <span class='ocr_line' id='line_1_45' title="bbox 131 4461 1458 4555; baseline -0.015 -21"><span class='ocrx_word' id='word_1_439' title='bbox 131 4480 273 4537; x_wconf 73' lang='lat' dir='ltr'><strong><em>&#39;iaciam.’¹</em></strong></span> <span class='ocrx_word' id='word_1_440' title='bbox 312 4485 358 4552; x_wconf 61' lang='lat'><strong><em>(⁴)</em></strong></span> <span class='ocrx_word' id='word_1_441' title='bbox 372 4487 418 4539; x_wconf 88' lang='lat' dir='ltr'><strong><em>Sic</em></strong></span> <span class='ocrx_word' id='word_1_442' title='bbox 431 4484 488 4538; x_wconf 88' lang='lat' dir='ltr'><strong><em>SG.</em></strong></span> <span class='ocrx_word' id='word_1_443' title='bbox 507 4513 543 4526; x_wconf 89' lang='lat'>-</span> <span class='ocrx_word' id='word_1_444' title='bbox 563 4482 715 4555; x_wconf 82' lang='lat' dir='ltr'><strong><em>indefessis</em></strong></span> <span class='ocrx_word' id='word_1_445' title='bbox 727 4475 1022 4550; x_wconf 82' lang='lat' dir='ltr'><strong><em>MB.-indefensru</em></strong></span> <span class='ocrx_word' id='word_1_446' title='bbox 1040 4471 1148 4526; x_wconf 80' lang='lat' dir='ltr'><strong><em>volebat</em></strong></span> <span class='ocrx_word' id='word_1_447' title='bbox 1161 4470 1193 4521; x_wconf 84' lang='grc' dir='ltr'><strong><em>Β.</em></strong></span> <span class='ocrx_word' id='word_1_448' title='bbox 1232 4461 1458 4555; x_wconf 37' lang='grc'><strong>0151086.-</strong></span> 
     </span>
     <span class='ocr_line' id='line_1_46' title="bbox 100 4537 1457 4629; baseline -0.024 -11"><span class='ocrx_word' id='word_1_449' title='bbox 100 4562 108 4583; x_wconf 46' lang='lat' dir='ltr'><strong><em>l</em></strong></span> <span class='ocrx_word' id='word_1_450' title='bbox 143 4559 251 4609; x_wconf 75' lang='lat' dir='ltr'><strong><em>vetitus</em></strong></span> <span class='ocrx_word' id='word_1_451' title='bbox 264 4559 329 4615; x_wconf 89' lang='grc' dir='ltr'><strong><em>ΜΒ.</em></strong></span> <span class='ocrx_word' id='word_1_452' title='bbox 360 4560 443 4613; x_wconf 81' lang='lat' dir='ltr'><strong><em>Mox:</em></strong></span> <span class='ocrx_word' id='word_1_453' title='bbox 463 4559 648 4619; x_wconf 64' lang='lat' dir='ltr'><strong><em>dedicabimur</em></strong></span> <span class='ocrx_word' id='word_1_454' title='bbox 662 4559 698 4613; x_wconf 88' lang='lat' dir='ltr'><strong><em>G.</em></strong></span> <span class='ocrx_word' id='word_1_455' title='bbox 733 4558 830 4610; x_wconf 84' lang='lat' dir='ltr'><strong><em>Fuitne</em></strong></span> <span class='ocrx_word' id='word_1_456' title='bbox 851 4551 1017 4607; x_wconf 82' lang='lat' dir='ltr'><strong><em>dubitatur?</em></strong></span> <span class='ocrx_word' id='word_1_457' title='bbox 1054 4547 1092 4615; x_wconf 64' lang='grc' dir='ltr'><strong><em>(ὅ)</em></strong></span> <span class='ocrx_word' id='word_1_458' title='bbox 1112 4574 1150 4588; x_wconf 92' lang='lat'><em>-</em></span> <span class='ocrx_word' id='word_1_459' title='bbox 1169 4551 1227 4629; x_wconf 79' lang='lat' dir='ltr'><strong><em>tnnc</em></strong></span> <span class='ocrx_word' id='word_1_460' title='bbox 1245 4537 1314 4611; x_wconf 61' lang='lat' dir='ltr'><strong><em>qiud</em></strong></span> <span class='ocrx_word' id='word_1_461' title='bbox 1329 4539 1361 4593; x_wconf 85' lang='grc' dir='ltr'><strong><em>Β.</em></strong></span> <span class='ocrx_word' id='word_1_462' title='bbox 1381 4552 1457 4608; x_wconf 79' lang='lat' dir='ltr'><strong><em>susp.</em></strong></span> 
     </span>
     <span class='ocr_line' id='line_1_47' title="bbox 144 4614 1457 4706; baseline -0.024 -15"><span class='ocrx_word' id='word_1_463' title='bbox 144 4636 307 4690; x_wconf 68' lang='lat' dir='ltr'><strong><em>Puerum</em></strong></span> <span class='ocrx_word' id='word_1_464' title='bbox 326 4635 422 4706; x_wconf 84' lang='lat' dir='ltr'><strong><em>Neque</em></strong></span> <span class='ocrx_word' id='word_1_465' title='bbox 441 4640 512 4686; x_wconf 81' lang='lat' dir='ltr'><strong><em>eninr</em></strong></span> <span class='ocrx_word' id='word_1_466' title='bbox 533 4643 591 4686; x_wconf 83' lang='lat' dir='ltr'><strong><em>tam</em></strong></span> <span class='ocrx_word' id='word_1_467' title='bbox 610 4631 713 4704; x_wconf 86' lang='lat' dir='ltr'><strong><em>refert.</em></strong></span> <span class='ocrx_word' id='word_1_468' title='bbox 752 4631 789 4700; x_wconf 77' lang='lat'><strong><em>(⁷)</em></strong></span> <span class='ocrx_word' id='word_1_469' title='bbox 808 4660 846 4672; x_wconf 95' lang='lat'>—</span> <span class='ocrx_word' id='word_1_470' title='bbox 864 4646 944 4700; x_wconf 83' lang='lat' dir='ltr'><strong><em>quum</em></strong></span> <span class='ocrx_word' id='word_1_471' title='bbox 957 4627 990 4679; x_wconf 88' lang='grc' dir='ltr'><strong><em>Β.</em></strong></span> <span class='ocrx_word' id='word_1_472' title='bbox 1010 4640 1084 4701; x_wconf 65' lang='lat' dir='ltr'><strong><em>susp.</em></strong></span> <span class='ocrx_word' id='word_1_473' title='bbox 1123 4620 1160 4687; x_wconf 78' lang='lat'><strong><em>(³)</em></strong></span> <span class='ocrx_word' id='word_1_474' title='bbox 1181 4614 1457 4681; x_wconf 74' lang='lat' dir='ltr'><strong><em>bich.-ccptuc</em></strong></span> 
     </span>
     <span class='ocr_line' id='line_1_48' title="bbox 144 4690 1456 4780; baseline -0.031 -3"><span class='ocrx_word' id='word_1_475' title='bbox 144 4709 202 4765; x_wconf 70' lang='grc' dir='ltr'><strong><em>ΜΒ·</em></strong></span> <span class='ocrx_word' id='word_1_476' title='bbox 240 4708 277 4774; x_wconf 72' lang='lat'><strong><em>(⁹)</em></strong></span> <span class='ocrx_word' id='word_1_477' title='bbox 297 4702 432 4779; x_wconf 63' lang='lat' dir='ltr'><strong><em>*figas</em></strong></span> <span class='ocrx_word' id='word_1_478' title='bbox 452 4713 508 4764; x_wconf 73' lang='lat' dir='ltr'><strong><em>SG.</em></strong></span> <span class='ocrx_word' id='word_1_479' title='bbox 548 4711 598 4776; x_wconf 77' lang='lat'><strong>(¹⁰)</strong></span> <span class='ocrx_word' id='word_1_480' title='bbox 619 4711 665 4762; x_wconf 84' lang='lat' dir='ltr'><strong><em>Sic</em></strong></span> <span class='ocrx_word' id='word_1_481' title='bbox 683 4705 772 4762; x_wconf 80' lang='lat' dir='ltr'><strong><em>MSG.</em></strong></span> <span class='ocrx_word' id='word_1_482' title='bbox 792 4705 1005 4777; x_wconf 80' lang='lat' dir='ltr'><strong><em>—disputavit</em></strong></span> <span class='ocrx_word' id='word_1_483' title='bbox 1017 4699 1049 4753; x_wconf 88' lang='lat' dir='ltr'><strong><em>B.</em></strong></span> <span class='ocrx_word' id='word_1_484' title='bbox 1088 4697 1138 4763; x_wconf 70' lang='grc' dir='ltr'><strong><em>(Η)</em></strong></span> <span class='ocrx_word' id='word_1_485' title='bbox 1158 4690 1456 4780; x_wconf 49' lang='lat' dir='ltr'><strong><em>slew-securt-</em></strong></span> 
     </span>
     <span class='ocr_line' id='line_1_49' title="bbox 146 4757 1454 4852; baseline -0.033 5"><span class='ocrx_word' id='word_1_486' title='bbox 146 4774 186 4834; x_wconf 43' lang='grc' dir='ltr'><strong><em>ὦ]</em></strong></span> <span class='ocrx_word' id='word_1_487' title='bbox 202 4784 265 4837; x_wconf 71' lang='grc' dir='ltr'><strong><em>ΜΒ·</em></strong></span> <span class='ocrx_word' id='word_1_488' title='bbox 315 4785 364 4851; x_wconf 76' lang='lat'><strong>(¹²)</strong></span> <span class='ocrx_word' id='word_1_489' title='bbox 394 4789 443 4838; x_wconf 72' lang='grc' dir='ltr'><strong><em>5ῑο</em></strong></span> <span class='ocrx_word' id='word_1_490' title='bbox 470 4787 528 4843; x_wconf 84' lang='lat' dir='ltr'><strong><em>SG.</em></strong></span> <span class='ocrx_word' id='word_1_491' title='bbox 558 4815 591 4828; x_wconf 90' lang='lat'>-</span> <span class='ocrx_word' id='word_1_492' title='bbox 622 4787 760 4852; x_wconf 81' lang='lat' dir='ltr'><strong><em>cogitatio</em></strong></span> <span class='ocrx_word' id='word_1_493' title='bbox 790 4782 857 4834; x_wconf 88' lang='grc' dir='ltr'><strong><em>ΜΒ.</em></strong></span> <span class='ocrx_word' id='word_1_494' title='bbox 904 4777 954 4847; x_wconf 78' lang='lat'><strong>(¹³)</strong></span> <span class='ocrx_word' id='word_1_495' title='bbox 983 4776 1058 4828; x_wconf 82' lang='lat' dir='ltr'><strong><em>Fert.</em></strong></span> <span class='ocrx_word' id='word_1_496' title='bbox 1085 4786 1121 4824; x_wconf 73' lang='lat' dir='ltr'><strong><em>uo</em></strong></span> <span class='ocrx_word' id='word_1_497' title='bbox 1145 4764 1241 4838; x_wconf 76' lang='lat' dir='ltr'><strong><em>ecqud</em></strong></span> <span class='ocrx_word' id='word_1_498' title='bbox 1263 4791 1282 4807; x_wconf 88' lang='lat'><strong>·</strong></span> <span class='ocrx_word' id='word_1_499' title='bbox 1306 4789 1325 4804; x_wconf 92' lang='lat'>-</span> <span class='ocrx_word' id='word_1_500' title='bbox 1350 4757 1454 4832; x_wconf 74' lang='lat' dir='ltr'><strong><em>ccqtdd.</em></strong></span> 
     </span>
     <span class='ocr_line' id='line_1_50' title="bbox 147 4858 1398 4925; baseline -0.025 -9"><span class='ocrx_word' id='word_1_501' title='bbox 147 4858 191 4925; x_wconf 63' lang='lat' dir='ltr'><strong><em>(st)</em></strong></span> <span class='ocrx_word' id='word_1_502' title='bbox 207 4887 244 4901; x_wconf 81' lang='lat'><strong><em>¹-</em></strong></span> <span class='ocrx_word' id='word_1_503' title='bbox 263 4876 319 4912; x_wconf 75' lang='lat' dir='ltr'><strong><em>om·</em></strong></span> <span class='ocrx_word' id='word_1_504' title='bbox 339 4866 368 4911; x_wconf 75' lang='lat' dir='ltr'><strong><em>t&#39;lt</em></strong></span> <span class='ocrx_word' id='word_1_505' title='bbox 387 4860 452 4915; x_wconf 75' lang='lat' dir='ltr'><strong><em>MB·</em></strong></span> <span class='ocrx_word' id='word_1_506' title='bbox 1395 4866 1398 4873; x_wconf 68' lang='grc'><em>’</em></span> 
     </span>
    </p>

    <p class='ocr_par' dir='ltr' id='par_1_11' title="bbox 193 4921 1137 5015">
     <span class='ocr_line' id='line_1_51' title="bbox 193 4921 1137 5015; baseline -0.025 -18"><span class='ocrx_word' id='word_1_507' title='bbox 193 4956 256 5000; x_wconf 70' lang='lat' dir='ltr'><strong><em>Cicer.</em></strong></span> <span class='ocrx_word' id='word_1_508' title='bbox 272 4960 355 5002; x_wconf 74' lang='lat' dir='ltr'><strong><em>Tuscul.</em></strong></span> <span class='ocrx_word' id='word_1_509' title='bbox 1035 4921 1077 4985; x_wconf 65' lang='lat' dir='ltr'>ss</span> <span class='ocrx_word' id='word_1_510' title='bbox 1133 5000 1137 5015; x_wconf 33' lang='lat' dir='ltr'>t</span> 
     </span>
    </p>
   </div>
   <div class='ocr_carea' id='block_1_8' title="bbox 0 0 1708 5359">
    <p class='ocr_par' dir='ltr' id='par_1_12' title="bbox 0 0 1708 5359">
     <span class='ocr_line' id='line_1_52' title="bbox 0 0 1708 5359; baseline 0 0"><span class='ocrx_word' id='word_1_511' title='bbox 0 0 1708 5359; x_wconf 95' lang='lat' dir='ltr'><strong><em> </em></strong></span> 
     </span>
    </p>
   </div>
  </div>
 </body>
</html>
