3384 5359
694 329 760 395 nu
782 329 874 395 utu.
897 331 930 395 ι.
1411 332 1484 433 ιιι

136 470 223 544 firu's
244 489 304 523 esse
323 472 416 523 nullus
429 470 539 543 polest]
564 467 701 543 Equidem
721 469 811 525 verbis
830 476 876 524 vir
891 470 1019 545 perlectis
1035 477 1132 529 ttttim
1148 470 1318 547 deprehendi
1335 479 1477 548 corrigent·
1513 514 1518 521 -

146 546 223 601 dnm
238 564 314 613 etse,
332 552 449 600 mortis:
470 547 499 599 id
514 551 589 600 enim
606 547 687 618 piene
703 546 824 620 postulet
842 550 1042 601 tntithetorntn
1060 554 1243 604 concinniter.
1282 553 1380 605 Portet
1397 551 1479 605 intel·
1549 604 1554 621 ,

145 622 210 676 leti
226 622 393 675 Lambinum
414 612 446 675 ιε’
464 627 571 695 scripto
590 622 686 675 codice
706 628 748 675 tio
768 621 891 677 dedisse:
914 621 1093 678 Gebhtrdum
1116 640 1213 678 tutent
1228 632 1256 679 in
1275 631 1332 679 tuit
1349 628 1478 681 omnihus

146 703 301 770 repetitte.
346 697 422 768 Quid
444 699 497 751 hoc
520 700 631 751 homine
653 695 755 763 facies,
787 705 834 769 qui
861 703 936 771 ipsos
958 694 1021 752 illut
1046 699 1174 765 codices,
1205 700 1303 773 quibus
1327 678 1394 754 elios
1422 717 1479 756 tttn

147 774 294 827 serviliter
317 773 463 839 renueret,
491 773 615 845 deserere
637 774 751 837 moluit,
781 791 864 845 quum
892 790 923 828 ιιι
943 775 1265 848 Ltmbintts-ququuntn
1289 792 1365 830 recte
1386 774 1479 830 itoere
1565 786 1568 791 '

148 849 317 904 videretur?
342 848 395 904 Sed
420 866 461 902 ett
488 865 643 922 prseteret,
673 854 703 902 ni
728 848 824 915 fellor,
853 849 926 922 qnod
951 849 1144 921 corripendum
1171 867 1270 910 restet:
1302 852 1363 922 lego
1388 857 1478 905 enim:
1519 878 1528 897 ·
1561 872 1565 877 ·

147 925 235 978 Nem
254 930 332 976 vilae
350 930 468 976 miserae
487 942 564 977 mort
575 922 651 996 finis
670 942 728 976 este
746 924 892 983 uidelttrt,
909 925 1069 992 MohTtS,
1090 932 1116 977 ιι·
1131 935 1174 977 etl
1192 926 1384 991 MISERUM,
1403 925 1479 1000 finis

148 1018 217 1052 este
235 1001 328 1051 nullus
342 1009 447 1073 potest.
486 1000 570 1065 true,
592 1016 660 1071 qnte
680 1001 797 1053 diximus
817 998 851 1052 td
875 1002 904 1066 Ι,
923 1000 1000 1052 vui.
1221 1026 1227 1045 ι

235 1077 281 1128 *C
291 1093 339 1128 tt.
357 1076 445 1131 xtii.
473 1076 548 1145 Quid
560 1077 607 1127 ille
623 1076 680 1127 dux
694 1075 836 1129 Leonidas
849 1074 933 1139 dicit,
952 1076 1061 1148 Pergite
1079 1080 1171 1128 tuimo
1181 1073 1269 1142 ierit,
1288 1074 1480 1129 Lacedaemo-

149 1155 216 1201 ttt't'r
234 1149 315 1203 ltodt'e
330 1151 406 1221 apud
416 1146 665 1222 inserosforlasse
677 1150 864 1221 coartabimus]
884 1149 960 1204 Mtie
976 1169 1041 1204 teto
1058 1160 1094 1205 tit
1112 1149 1480 1223 oodieihut‘llltnuscriptit,

149 1229 205 1296 qni
227 1242 323 1279 omnet
348 1231 376 1278 in
398 1225 514 1278 tceiettt
537 1228 590 1278 heo
611 1241 639 1279 et
659 1226 990 1293 contumintteiectione
1013 1230 1184 1296 coutpirent.
1229 1228 1293 1295 Quo
1313 1230 1387 1278 enim
1408 1244 1480 1296 per·-

150 1302 280 1369 gerent?
310 1300 408 1371 quibus
435 1298 463 1352 id
485 1319 570 1354 unum
593 1306 768 1373 propositum
791 1316 865 1365 ertt,
895 1301 986 1353 locum
1009 1316 1176 1373 ocoupttum
1198 1306 1299 1365 tutori,
1328 1316 1355 1353 et
1381 1303 1478 1355 Perstt

149 1375 224 1428 iiltc
244 1381 408 1429 transituros
429 1382 560 1447 opperiri.
604 1375 680 1445 Quid
696 1392 793 1429 eutem
816 1374 883 1429 illud
904 1380 1018 1447 pergite
1040 1376 1074 1429 td
1098 1378 1311 1430 coemtionem?
1340 1375 1389 1429 ubi
1408 1380 1481 1430 tnti-
1522 1440 1524 1444 ¹

151 1453 277 1506 thetonl
305 1452 352 1505 ubi
372 1454 507 1504 acumen?
535 1454 653 1505 Crucem
676 1467 742 1504 tone
768 1452 826 1505 fixit
849 1452 1044 1524 interpretibus
1074 1452 1141 1505 haee
1167 1451 1267 1506 leutio:
1303 1456 1404 1526 quippe
1431 1452 1480 1524 qui

150 1532 337 1581 notissimum
363 1545 390 1580 et
415 1527 633 1599 vulgatissimum
656 1526 827 1580 Graecorum
854 1527 1057 1599 apophthegm
1082 1543 1138 1579 tem
1162 1543 1243 1599 prtre
1265 1543 1293 1581 et
1316 1544 1442 1599 perverse
1464 1542 1481 1579 t

152 1603 296 1657 Cicerone
316 1601 452 1656 redditum
474 1604 515 1655 vel
538 1607 673 1676 euspicnri
693 1601 769 1655 neltt
789 1601 935 1655 duxerunt.
972 1602 1015 1655 Τιι
1033 1599 1162 1674 quidem,
1184 1599 1257 1672 quod
1279 1618 1345 1656 stne
1367 1601 1479 1670 nollem,

150 1677 290 1732 librarios
313 1695 328 1730 a
351 1677 432 1751 culpe
453 1677 570 1741 liberte,
600 1682 707 1733 auctori
733 1683 785 1749 ipsi
813 1683 919 1731 crimen
947 1675 1068 1749 effingitt
1097 1680 1175 1748 quusi
1200 1676 1479 1751 ἀριστοποιεῖσθαι,

151 1751 234 1825 quod
254 1754 325 1808 nihil
344 1752 424 1806 eliud
440 1770 523 1824 quom
542 1754 685 1825 prandere
706 1752 858 1825 significet.
880 1753 926 1805 ille
946 1769 1038 1805 errore
1056 1752 1199 1824 pluequtm
1219 1752 1319 1824 puerili
1338 1769 1389 1824 pro
1403 1749 1482 1828 ἀρι-

152 1827 290 1896 στεύειν,
309 1834 365 1882 sive
378 1827 504 1899 sortiter
516 1828 638 1898 jecere,
656 1834 819 1902 eccepltset.
856 1830 933 1882 Bene
950 1845 1028 1893 vero,
1049 1828 1124 1898 quod
1139 1843 1196 1880 non
1213 1822 1331 1899 primus,
1352 1824 1400 1880 ted
1416 1843 1480 1900 post

152 1903 261 1957 Aldum
282 1907 459 1967 Mtuutintn,
485 1907 628 1957 Ciceronis
651 1920 743 1957 menet
766 1919 823 1957 tem
845 1908 967 1976 graviter
987 1902 1108 1958 violatri.
1153 1902 1210 1971 Qui
1232 1918 1325 1956 tutem
1345 1917 1403 1956 tntu
1423 1917 1481 1956 tur-

123 1994 130 2005 ·
152 1984 232 2051 piter
250 1994 279 2031 te
295 1979 360 2033 dtte
376 1983 482 2051 potnit,
501 1984 548 2050 qui
569 1996 598 2033 te
614 1979 721 2033 Greeoe
737 1979 890 2033 luculenter
905 1983 976 2032 seire
993 1984 1078 2032 totiet
1096 1978 1249 2051 profitetur,
1274 1984 1331 2049 qui,
1347 1975 1481 2031 referente

153 2054 309 2121 Suetonio,
335 2053 370 2106 td
392 2069 549 2127 prteturttn
574 2071 660 2126 utque
682 2057 788 2109 Grteee
809 2054 989 2121 decitmtvit,
1014 2058 1061 2126 qui
1087 2053 1178 2126 pinret
1200 2054 1322 2109 Grtecot
1348 2058 1379 2105 in
1404 2057 1481 2107 omui

151 2128 301 2183 litertrum
321 2130 419 2202 genere
437 2135 638 2184 vertetietimos
657 2129 733 2183 dumi
753 2130 859 2196 tiebat,
879 2136 926 2185 cui
941 2147 1048 2203 temper
1064 2145 1079 2180 t
1096 2145 1181 2182 menn
1198 2126 1291 2181 tdertt
1308 2128 1378 2181 Tiro
1395 2127 1483 2182 liber-

154 2220 203 2257 tut
234 2210 376 2277 utriusque
403 2211 539 2259 sermonis
568 2209 769 2278 peritistimuti
801 2204 896 2276 Quidl
923 2222 1042 2258 nemone
1065 2222 1177 2271 eorum,
1207 2203 1307 2275 quibus
1334 2202 1481 2271 recitebtt,

82 2329 93 2349 .
153 2278 259 2350 quihus
278 2280 407 2333 mittebtt
426 2287 528 2353 scripto
547 2297 612 2349 eut,
629 2297 690 2333 mon
710 2282 828 2347 Brutus,
844 2299 901 2334 non
917 2281 1043 2347 Attleut,
1065 2296 1172 2335 mature
1188 2280 1336 2332 edmonere
1351 2282 1480 2365 poteret?

153 2359 262 2407 Verum
282 2372 357 2409 ettot
383 2371 410 2408 et
434 2360 493 2428 ipte
509 2357 617 2412 Graece
631 2355 760 2409 indoctut
781 2355 809 2408 id
828 2360 991 2420 nesciverit,
1017 2354 1091 2427 quod
1115 2360 1191 2426 pueri
1215 2360 1243 2407 in
1263 2353 1367 2406 echolit
1389 2354 1481 2407 deeiu-
1540 2356 1545 2369 ⁸
1602 2352 1609 2366 “

153 2419 290 2484 nittuhet
311 2448 369 2483 tum
389 2430 529 2493 sciebant:
549 2449 576 2484 et
595 2436 678 2483 emisi
699 2430 880 2485 dormitentet
900 2448 1013 2484 monere
1033 2432 1212 2504 neglexerint.
1251 2430 1344 2498 Quidi
1367 2444 1402 2483 tn
1423 2447 1481 2483 non

154 2504 306 2558 indoctum
327 2503 425 2573 modo,
450 2505 498 2560 ted
521 2522 550 2559 et
571 2503 703 2559 ttolidutn
726 2506 921 2577 stupidumque
940 2505 1091 2577 fingemus?
1117 2505 1238 2559 Stolidus
1258 2509 1333 2557 enint
1352 2519 1380 2557 et
1400 2505 1489 2578 pinne,

154 2579 305 2654 plumbeus
326 2578 407 2633 fuerit
426 2599 538 2635 uecetse
556 2594 615 2646 ert,
638 2585 685 2651 qui
703 2580 840 2634 Leonides
860 2579 967 2633 dictum
984 2597 1031 2634 tut
1046 2586 1088 2634 tie
1104 2584 1233 2644 verterit,
1252 2595 1299 2633 tut
1315 2584 1356 2633 sio
1373 2597 1480 2634 vertum

156 2655 374 2719 colitudatetit3
402 2662 449 2727 qui
477 2662 561 2709 etiem
580 2661 604 2709 ti
626 2661 655 2708 in
672 2655 822 2729 exempltri
842 2656 950 2711 Grteoo
972 2655 1144 2732 dptutttrttt
1166 2655 1239 2709 male
1267 2660 1402 2728 seriptum
1422 2672 1481 2709 erte

155 2731 295 2804 fingemut
320 2749 370 2803 pro
391 2732 538 2808 ἀριστᾶτε
546 2774 555 2800 ,
587 2748 644 2784 nou
666 2736 725 2803 ipse
744 2750 793 2803 per
812 2747 841 2784 te
860 2737 885 2783 vi
906 2735 992 2803 iptiut
1011 2734 1167 2784 tententiae
1188 2745 1309 2784 efretum
1332 2730 1483 2803 deprehen-

154 2805 242 2860 derit.
281 2806 397 2877 Quidvis
418 2811 503 2879 igitur
523 2822 660 2860 tentemus
680 2811 772 2880 potins
792 2821 820 2859 et
837 2816 934 2859 notum
954 2806 1131 2861 libretiotum
1152 2822 1293 2878 stuporem
1315 2810 1483 2872 inoutetttut,

155 2899 244 2953 quem
265 2897 296 2935 ut
320 2887 460 2954 ingenium
483 2887 574 2935 omnis
596 2886 654 2934 tevi
675 2881 926 2955 prteultrittimum
950 2896 1004 2933 tem
1027 2879 1146 2953 pud'eudi
1169 2886 1271 2934 errorit
1297 2881 1481 2934 insimuletur.

155 2960 198 3012 Et
220 2957 360 3010 teutatem
382 2955 508 3029 equidem
528 2958 606 3031 plura
625 2957 708 3021 olim,
739 2971 769 3010 ut
791 2972 873 3011 tenue
896 2953 962 3027 quid
979 2955 1108 3009 lectionis
1129 2975 1161 3009 ex
1180 2961 1242 3009 ittis
1262 2973 1401 3008 eruerem:
1433 2954 1482 3008 ted

156 3033 275 3085 laterem
288 3033 371 3108 piem
387 3033 519 3086 itvthem.
547 3033 628 3087 Nune
644 3032 735 3085 nullut
752 3032 865 3097 dubito,
885 3036 951 3103 quin
969 3031 1016 3085 ille
1033 3037 1141 3093 omniu,
1162 3046 1231 3102 quae
1247 3035 1356 3084 unuiuit
1375 3030 1481 3083 incluse

156 3107 253 3172 uidet,
274 3123 387 3161 emtnu
404 3109 475 3161 mele
492 3112 561 3169 tint,
580 3124 608 3162 et
625 3106 711 3160 furuit
728 3105 903 3180 expellendo:
925 3106 995 3159 Pari
1009 3112 1103 3159 culmo
1117 3105 1330 3160 Lacedaemonii
1343 3112 1375 3157 in
1388 3105 1482 3158 Tlter-

156 3184 283 3255 mopylis
300 3184 470 3236 occidental.
508 3184 596 3252 [Quid
613 3185 659 3235 t'lle
678 3182 738 3233 Aue
757 3182 896 3237 Leottidtts
914 3181 1002 3234 liert?
1025 3180 1140 3250 Pergt'le
1159 3186 1253 3232 animo
1266 3178 1367 3250 sorti,
1388 3181 1482 3235 Lace-

157 3259 318 3310 daemonii:
341 3258 422 3310 ltodie
440 3258 515 3329 opud
531 3257 646 3327 inferos
654 3255 790 3326 fortasse
808 3257 991 3311 coenabt'ntttt.
1027 3257 1092 3308 furt
1111 3255 1180 3306 ltere
1199 3258 1271 3323 gertr
1283 3253 1395 3326 feriis,
1418 3256 1485 3308 tlttm
1578 3268 1582 3273 ’

157 3334 291 3405 Lycurgi
306 3335 384 3403 leget
398 3334 585 3406 uigebantpe
603 3334 700 3407 petibus
715 3352 794 3387 tentes.
811 3363 849 3377 -
873 3333 909 3385 Ire
924 3333 1023 3384 terebra
1037 3336 1143 3400 lJt'lttr,
1163 3336 1270 3398 inquil,
1286 3331 1484 3400 pugnabimus.

159 3406 236 3463 Illud
251 3414 324 3462 enim
339 3414 460 3482 primum
477 3408 606 3464 obteret:
624 3409 652 3461 E
665 3410 762 3480 quibus
778 3427 850 3460 unus
865 3425 920 3461 nnn
938 3424 1019 3480 potte
1034 3423 1098 3459 oum
1114 3405 1252 3477 prioribut
1270 3406 1325 3458 illis
1344 3410 1486 3470 connecti,

158 3484 228 3536 Fuit
245 3482 312 3535 huet
332 3502 404 3553 gens
417 3484 530 3555 fortis:
558 3482 706 3537 dicendum
726 3488 800 3537 eninr
819 3499 896 3546 eret,
920 3483 943 3535 E
964 3482 1045 3550 Qun
1061 3499 1148 3545 uuus,
1175 3497 1256 3553 geute
1276 3480 1399 3539 seilicet.
1428 3499 1486 3534 nott

160 3559 187 3613 E
204 3558 352 3627 QUIBUS.
391 3562 530 3628 Quottum
545 3575 637 3612 tutem
654 3558 743 3624 istud,
762 3558 827 3610 dum
841 3559 970 3630 lycurgi
985 3558 1064 3626 leget
1076 3556 1234 3625 uigebant?
1255 3563 1332 3628 qunti
1349 3556 1409 3620 illo,
1430 3573 1485 3627 quo

159 3636 234 3688 hteo
253 3632 327 3686 diere
346 3650 426 3697 tunt,
454 3651 578 3708 tempore
597 3634 696 3688 molles
716 3650 745 3688 et
763 3632 844 3686 frteti
866 3648 958 3687 ettent
973 3634 1109 3686 Ltoouet.
1148 3633 1187 3685 At
1201 3648 1296 3685 notter
1313 3638 1371 3704 ipse
1385 3646 1484 3689 oontrt

161 3724 298 3774 testetur,
320 3724 350 3762 ut
366 3727 447 3773 mox,
465 3726 526 3783 etp.
544 3713 588 3768 iti.
626 3709 715 3763 Belo:
727 3707 833 3781 fortes
847 3716 876 3760 el
891 3708 956 3759 duri
971 3709 1152 3779 Spartiataes
1172 3725 1307 3777 magnam
1325 3707 1408 3758 ltubet
1424 3712 1485 3758 vittt

159 3785 273 3857 pellica
291 3785 451 3856 disciplina.
489 3786 524 3839 Et
541 3784 601 3838 Lib.
616 3792 650 3851 9,
670 3790 714 3844 15.
753 3784 874 3854 Spartae
891 3801 964 3835 vtro
978 3783 1120 3854 petriad
1136 3799 1220 3834 arum
1236 3788 1276 3835 sle
1294 3782 1486 3835 tcctrluti-

81 3883 84 3887 ·
164 3860 258 3923 Tun,
288 3868 321 3911 ul
343 3861 446 3912 ruraliter
466 3879 482 3911 e
502 3859 653 3912 vircert'btts
671 3864 792 3927 tangetis
812 3867 915 3910 exeat:
941 3863 1138 3931 nonnunquam
1162 3864 1264 3925 dium,
1294 3866 1341 3921 ut,
1370 3856 1485 3925 QUUM

164 3934 371 3999 uilissimi,
393 3935 554 4001 atttlt'elatrt,
575 3934 615 3986 ad
628 3951 738 3986 netem:
762 3952 879 4006 quorum
897 3951 953 3986 non
971 3934 1053 3987 modo
1072 3952 1151 3986 nemo
1168 3934 1340 3985 exclamavit
1356 3948 1485 4001 trapetum,
1566 3966 1570 3983 ι

164 4010 217 4063 sed
237 4028 271 4061 rte
285 4014 420 4078 ingemuit
435 4009 552 4081 quidem.
590 4010 688 4075 Videt,
710 4014 826 4082 opinor,
849 4027 905 4062 non
925 4010 1051 4064 Fuisse
1070 4008 1155 4061 modo
1173 4006 1275 4062 fortem
1294 4024 1419 4078 gentem,
1439 4004 1487 4058 ted

163 4084 263 4143 ESSE.
302 4086 389 4138 Porto
407 4086 461 4139 hoo
476 4083 553 4151 vide,
573 4083 647 4156 quod
665 4102 728 4137 mox
745 4085 908 4139 subiicitur:
929 4086 1032 4150 Viros,
1054 4089 1160 4156 iuquit,
1179 4099 1370 4151 eonunemoro.
1403 4081 1486 4150 Qua-

164 4161 203 4214 lis
221 4160 336 4213 tandem
351 4160 502 4213 ίιιωειιιιῖ
527 4163 628 4230 Atqui,
648 4165 672 4213 sl
693 4159 755 4226 iile,
767 4159 834 4229 jut'l
853 4160 920 4212 ltuee
939 4179 1026 4229 gens,
1050 4159 1220 4212 terrerent
1243 4162 1305 4229 ipso
1327 4170 1407 4222 tunt,
1429 4172 1486 4209 non

164 4241 240 4289 viros
260 4233 360 4300 modo,
384 4238 432 4309 ted
450 4235 581 4304 mulieres
597 4251 876 4289 oommemorotertt:
903 4235 1001 4290 GENS
1023 4240 1098 4289 enim
1119 4248 1265 4303 utrumque
1282 4248 1377 4284 tetum
1398 4239 1487 4285 notet:

164 4314 312 4368 Postremo
338 4312 392 4363 hoc
417 4327 522 4365 certum
542 4309 664 4376 ridetur,
688 4310 716 4361 E
735 4310 833 4381 pullus
851 4328 923 4365 unus
943 4326 998 4364 oet.
1019 4308 1055 4363 td
1077 4315 1168 4382 priore
1192 4305 1305 4371 referti,
1340 4305 1374 4358 ed
1395 4306 1487 4359 Lete-

165 4388 326 4440 daemortt'os
346 4391 394 4456 qul
416 4392 446 4438 itt
467 4385 662 4457 Thermopylis
684 4384 856 4440 occiderunt.¹
894 4391 1001 4440 Auctor
1023 4391 1099 4439 enim
1122 4388 1202 4439 ittiut
1225 4381 1310 4449 dieti,
1332 4383 1367 4434 ln
1388 4380 1488 4434 umbro

162 4462 366 4535 pugnabimus,
394 4466 423 4514 in
444 4462 636 4534 Thermopylis
660 4458 807 4533 pugnando
830 4460 976 4514 occubuit:
1000 4454 1059 4514 eive
1079 4459 1214 4513 Leonidtt
1237 4455 1338 4523 luerit,
1360 4461 1433 4520 tire,
1455 4469 1485 4508 ut

166 4536 339 4600 Herodotus,
362 4537 515 4590 Dieneoes:
538 4550 653 4608 uterque
670 4541 745 4588 enim
768 4535 808 4588 ibi
830 4534 943 4590 recidit.
982 4535 1064 4605 Quod
1087 4534 1111 4588 ei
1135 4538 1202 4588 here
1221 4533 1320 4597 verbe,
1342 4531 1371 4583 Ε
1390 4530 1487 4603 petibus

165 4630 251 4676 unus,
278 4628 343 4664 eum
368 4612 424 4666 iliis
447 4610 586 4685 prioribus
609 4626 827 4677 connectuntur,
857 4609 903 4664 ille
927 4606 1017 4663 medie
1040 4616 1099 4663 tine
1122 4608 1207 4683 dubio
1232 4623 1297 4663 tunt
1323 4611 1432 4679 tpurit:
1458 4620 1487 4658 et
1510 4624 1514 4627 ’
1610 4610 1628 4675 ,ι’

166 4706 232 4742 stne
250 4687 360 4742 iuiioett
376 4690 457 4752 suut,
479 4703 531 4740 nee
547 4691 694 4758 quicquum
711 4685 814 4740 hebent
830 4688 1009 4753 Ciottonitni
1023 4685 1136 4739 eoloris.
1162 4683 1230 4739 Vide
1247 4682 1336 4738 simile
1351 4682 1487 4761 emblem·
1512 4762 1514 4767 ⁴

167 4779 267 4837 tuprt,
287 4781 349 4832 cap.
368 4766 396 4822 9.
434 4760 515 4831 [Vide
533 4760 686 4831 Addendt.]

240 4834 357 4891 *ibid
383 4836 419 4890 lrt
436 4837 552 4900 umbra,
574 4841 679 4908 inquit,
700 4842 792 4909 igitur
809 4833 1010 4908 pugnabimus]
1037 4838 1129 4906 Apage
1148 4831 1270 4887 scabiem
1288 4837 1385 4887 ierem:
1407 4845 1436 4886 et
1453 4847 1488 4886 ex
1553 4810 1560 4819 ¹

102 4924 110 4931 '
167 4919 270 4968 nostrie
282 4911 362 4967 oodd.
374 4928 402 4967 et
416 4912 556 4987 prioribut
569 4910 740 4967 editionihut
754 4916 880 4982 rettitue,
899 4913 933 4965 lrt
945 4911 1044 4972 untlre
1055 4914 1157 4980 igilur,
1174 4913 1275 4982 inquii,
1291 4907 1489 4979 pugnabimus

1672 4870 1674 4907 i

1672 4968 1673 5009 i
