<?xml version="1.0" encoding="UTF-8"?>
<!DOCTYPE html PUBLIC "-//W3C//DTD XHTML 1.0 Transitional//EN"
    "http://www.w3.org/TR/xhtml1/DTD/xhtml1-transitional.dtd">
<html xmlns="http://www.w3.org/1999/xhtml" xml:lang="en" lang="en">
 <head>
  <title>
</title>
<meta http-equiv="Content-Type" content="text/html;charset=utf-8" />
  <meta name='ocr-system' content='tesseract 3.04.00' />
  <meta name='ocr-capabilities' content='ocr_page ocr_carea ocr_par ocr_line ocrx_word'/>
</head>
<body>
  <div class='ocr_page' id='page_1' title='image "./mtulliiciceroni00wolfgoog_0253.png"; bbox 0 0 3384 5359; ppageno 0'>
   <div class='ocr_carea' id='block_1_1' title="bbox 707 245 1486 363">
    <p class='ocr_par' dir='ltr' id='par_1_1' title="bbox 707 245 1486 363">
     <span class='ocr_line' id='line_1_1' title="bbox 707 245 1486 363; baseline 0.005 -6"><span class='ocrx_word' id='word_1_1' title='bbox 707 282 773 358; x_wconf 83' lang='lat' dir='ltr'>nu</span> <span class='ocrx_word' id='word_1_2' title='bbox 794 291 889 357; x_wconf 81' lang='lat' dir='ltr'>utu.</span> <span class='ocrx_word' id='word_1_3' title='bbox 910 292 942 360; x_wconf 90' lang='lat'>1.</span> <span class='ocrx_word' id='word_1_4' title='bbox 1207 245 1213 263; x_wconf 72' lang='grc'>’</span> <span class='ocrx_word' id='word_1_5' title='bbox 1421 295 1486 363; x_wconf 81' lang='lat' dir='ltr'>css</span> 
     </span>
    </p>
   </div>
   <div class='ocr_carea' id='block_1_2' title="bbox 137 428 1558 2248">
    <p class='ocr_par' dir='ltr' id='par_1_2' title="bbox 137 428 1558 2248">
     <span class='ocr_line' id='line_1_2' title="bbox 146 428 1485 510; baseline 0.003 -24"><span class='ocrx_word' id='word_1_6' title='bbox 146 446 252 504; x_wconf 72' lang='lat' dir='ltr'>neque</span> <span class='ocrx_word' id='word_1_7' title='bbox 268 434 373 486; x_wconf 66' lang='lat' dir='ltr'>auum</span> <span class='ocrx_word' id='word_1_8' title='bbox 391 428 446 486; x_wconf 87' lang='lat' dir='ltr'>sihi</span> <span class='ocrx_word' id='word_1_9' title='bbox 472 436 583 506; x_wconf 79' lang='lat' dir='ltr'>reperis.</span> <span class='ocrx_word' id='word_1_10' title='bbox 621 430 696 487; x_wconf 81' lang='lat' dir='ltr'>Haeo</span> <span class='ocrx_word' id='word_1_11' title='bbox 718 432 829 505; x_wconf 89' lang='lat' dir='ltr'>quidem</span> <span class='ocrx_word' id='word_1_12' title='bbox 846 430 1022 503; x_wconf 81' lang='lat' dir='ltr'>emendatio,</span> <span class='ocrx_word' id='word_1_13' title='bbox 1045 435 1183 507; x_wconf 82' lang='lat' dir='ltr'>utcunque</span> <span class='ocrx_word' id='word_1_14' title='bbox 1203 434 1249 489; x_wconf 77' lang='lat' dir='ltr'>tat</span> <span class='ocrx_word' id='word_1_15' title='bbox 1267 441 1386 497; x_wconf 79' lang='lat' dir='ltr'>ceteris,</span> <span class='ocrx_word' id='word_1_16' title='bbox 1404 436 1485 510; x_wconf 74' lang='lat' dir='ltr'>longe</span> 
     </span>
     <span class='ocr_line' id='line_1_3' title="bbox 144 505 1486 583; baseline 0.003 -23"><span class='ocrx_word' id='word_1_17' title='bbox 144 512 318 561; x_wconf 76' lang='lat' dir='ltr'>certissima</span> <span class='ocrx_word' id='word_1_18' title='bbox 342 523 401 568; x_wconf 74' lang='lat' dir='ltr'>est:</span> <span class='ocrx_word' id='word_1_19' title='bbox 429 505 477 563; x_wconf 90' lang='lat' dir='ltr'>sed</span> <span class='ocrx_word' id='word_1_20' title='bbox 496 506 571 562; x_wconf 84' lang='lat' dir='ltr'>aliud</span> <span class='ocrx_word' id='word_1_21' title='bbox 592 506 658 577; x_wconf 90' lang='lat' dir='ltr'>quid</span> <span class='ocrx_word' id='word_1_22' title='bbox 681 513 767 562; x_wconf 80' lang='lat' dir='ltr'>etium</span> <span class='ocrx_word' id='word_1_23' title='bbox 789 524 887 564; x_wconf 80' lang='lat' dir='ltr'>restat.</span> <span class='ocrx_word' id='word_1_24' title='bbox 924 508 994 563; x_wconf 81' lang='lat' dir='ltr'>Vide</span> <span class='ocrx_word' id='word_1_25' title='bbox 1016 515 1090 564; x_wconf 84' lang='lat' dir='ltr'>enisa</span> <span class='ocrx_word' id='word_1_26' title='bbox 1111 511 1193 577; x_wconf 87' lang='lat' dir='ltr'>illud,</span> <span class='ocrx_word' id='word_1_27' title='bbox 1222 512 1326 583; x_wconf 79' lang='lat' dir='ltr'>Quiitss</span> <span class='ocrx_word' id='word_1_28' title='bbox 1354 516 1427 566; x_wconf 84' lang='lat' dir='ltr'>vitiis</span> <span class='ocrx_word' id='word_1_29' title='bbox 1456 521 1486 564; x_wconf 84' lang='lat' dir='ltr'>et</span> 
     </span>
     <span class='ocr_line' id='line_1_4' title="bbox 143 581 1485 661; baseline 0.007 -29"><span class='ocrx_word' id='word_1_30' title='bbox 143 581 320 633; x_wconf 85' lang='lat' dir='ltr'>libidinibus</span> <span class='ocrx_word' id='word_1_31' title='bbox 339 588 465 648; x_wconf 84' lang='lat' dir='ltr'>caecati,</span> <span class='ocrx_word' id='word_1_32' title='bbox 490 586 540 636; x_wconf 82' lang='lat' dir='ltr'>oei</span> <span class='ocrx_word' id='word_1_33' title='bbox 558 582 717 636; x_wconf 77' lang='lat' dir='ltr'><em>domesticis</em></span> <span class='ocrx_word' id='word_1_34' title='bbox 735 588 810 638; x_wconf 83' lang='lat' dir='ltr'>vitiis</span> <span class='ocrx_word' id='word_1_35' title='bbox 831 602 863 636; x_wconf 89' lang='lat' dir='ltr'>se</span> <span class='ocrx_word' id='word_1_36' title='bbox 885 589 1124 655; x_wconf 72' lang='lat' dir='ltr'>inquinavissent:</span> <span class='ocrx_word' id='word_1_37' title='bbox 1153 589 1248 660; x_wconf 79' lang='lat' dir='ltr'>Quam</span> <span class='ocrx_word' id='word_1_38' title='bbox 1263 585 1379 661; x_wconf 75' lang='lat' dir='ltr'>brigide,</span> <span class='ocrx_word' id='word_1_39' title='bbox 1400 602 1485 660; x_wconf 76' lang='lat' dir='ltr'>quam</span> 
     </span>
     <span class='ocr_line' id='line_1_5' title="bbox 145 657 1485 737; baseline 0.004 -28"><span class='ocrx_word' id='word_1_40' title='bbox 145 657 273 729; x_wconf 87' lang='lat' dir='ltr'>illepide</span> <span class='ocrx_word' id='word_1_41' title='bbox 295 659 342 712; x_wconf 87' lang='lat' dir='ltr'>bic</span> <span class='ocrx_word' id='word_1_42' title='bbox 367 663 502 731; x_wconf 83' lang='lat' dir='ltr'>repetitur</span> <span class='ocrx_word' id='word_1_43' title='bbox 526 657 593 712; x_wconf 84' lang='lat' dir='ltr'>illud</span> <span class='ocrx_word' id='word_1_44' title='bbox 615 662 715 712; x_wconf 76' lang='lat' dir='ltr'>vities!</span> <span class='ocrx_word' id='word_1_45' title='bbox 744 676 779 712; x_wconf 83' lang='lat' dir='ltr'>sn</span> <span class='ocrx_word' id='word_1_46' title='bbox 803 658 954 733; x_wconf 85' lang='lat' dir='ltr'>quidquam</span> <span class='ocrx_word' id='word_1_47' title='bbox 977 666 1049 735; x_wconf 80' lang='lat' dir='ltr'>sapit</span> <span class='ocrx_word' id='word_1_48' title='bbox 1075 675 1122 715; x_wconf 86' lang='lat' dir='ltr'>aut</span> <span class='ocrx_word' id='word_1_49' title='bbox 1146 662 1298 734; x_wconf 67' lang='lat' dir='ltr'>elegantiae</span> <span class='ocrx_word' id='word_1_50' title='bbox 1322 679 1368 717; x_wconf 84' lang='lat' dir='ltr'>aut</span> <span class='ocrx_word' id='word_1_51' title='bbox 1390 669 1485 737; x_wconf 85' lang='lat' dir='ltr'>copias</span> 
     </span>
     <span class='ocr_line' id='line_1_6' title="bbox 146 731 1485 807; baseline 0.003 -23"><span class='ocrx_word' id='word_1_52' title='bbox 146 731 324 787; x_wconf 72' lang='lat' dir='ltr'><strong>Tullianae?</strong></span> <span class='ocrx_word' id='word_1_53' title='bbox 346 732 526 806; x_wconf 79' lang='lat' dir='ltr'>quamobrem</span> <span class='ocrx_word' id='word_1_54' title='bbox 545 749 592 788; x_wconf 79' lang='lat' dir='ltr'>tut</span> <span class='ocrx_word' id='word_1_55' title='bbox 612 733 745 807; x_wconf 76' lang='lat' dir='ltr'>legerim,</span> <span class='ocrx_word' id='word_1_56' title='bbox 765 734 926 793; x_wconf 84' lang='lat' dir='ltr'>domesticis</span> <span class='ocrx_word' id='word_1_57' title='bbox 945 740 1051 806; x_wconf 88' lang='lat' dir='ltr'>stupris</span> <span class='ocrx_word' id='word_1_58' title='bbox 1065 744 1147 807; x_wconf 73' lang='lat' dir='ltr'>arasse</span> <span class='ocrx_word' id='word_1_59' title='bbox 1159 738 1303 807; x_wconf 71' lang='lat' dir='ltr'>flagitiis,</span> <span class='ocrx_word' id='word_1_60' title='bbox 1324 754 1370 793; x_wconf 78' lang='lat' dir='ltr'>out</span> <span class='ocrx_word' id='word_1_61' title='bbox 1386 738 1485 790; x_wconf 85' lang='lat' dir='ltr'>‹iome-</span> 
     </span>
     <span class='ocr_line' id='line_1_7' title="bbox 144 809 1485 889; baseline 0.006 -31"><span class='ocrx_word' id='word_1_62' title='bbox 144 813 231 858; x_wconf 75' lang='lat' dir='ltr'>stico</span> <span class='ocrx_word' id='word_1_63' title='bbox 256 815 380 880; x_wconf 73' lang='lat' dir='ltr'>reptatio</span> <span class='ocrx_word' id='word_1_64' title='bbox 406 818 489 881; x_wconf 82' lang='lat' dir='ltr'>atque</span> <span class='ocrx_word' id='word_1_65' title='bbox 507 810 654 881; x_wconf 77' lang='lat' dir='ltr'>flagitiis:</span> <span class='ocrx_word' id='word_1_66' title='bbox 685 810 734 864; x_wconf 85' lang='lat' dir='ltr'>ills</span> <span class='ocrx_word' id='word_1_67' title='bbox 763 816 840 864; x_wconf 88' lang='lat' dir='ltr'>enim</span> <span class='ocrx_word' id='word_1_68' title='bbox 869 809 942 885; x_wconf 80' lang='lat' dir='ltr'>apud</span> <span class='ocrx_word' id='word_1_69' title='bbox 963 813 1098 867; x_wconf 82' lang='lat' dir='ltr'>Nostrum</span> <span class='ocrx_word' id='word_1_70' title='bbox 1122 827 1177 865; x_wconf 83' lang='lat' dir='ltr'>uun</span> <span class='ocrx_word' id='word_1_71' title='bbox 1204 829 1267 865; x_wconf 87' lang='lat' dir='ltr'>cum</span> <span class='ocrx_word' id='word_1_72' title='bbox 1291 812 1403 889; x_wconf 72' lang='lat' dir='ltr'>flagitiis</span> <span class='ocrx_word' id='word_1_73' title='bbox 1427 831 1485 866; x_wconf 90' lang='lat' dir='ltr'>nou</span> 
     </span>
     <span class='ocr_line' id='line_1_8' title="bbox 147 882 1347 957; baseline 0.006 -21"><span class='ocrx_word' id='word_1_74' title='bbox 147 882 245 936; x_wconf 79' lang='lat' dir='ltr'>semel</span> <span class='ocrx_word' id='word_1_75' title='bbox 269 888 362 938; x_wconf 87' lang='lat' dir='ltr'>iuncta</span> <span class='ocrx_word' id='word_1_76' title='bbox 385 885 512 957; x_wconf 77' lang='lat' dir='ltr'>legimus.</span> <span class='ocrx_word' id='word_1_77' title='bbox 1205 886 1209 891; x_wconf 70' lang='grc'><strong>’</strong></span> <span class='ocrx_word' id='word_1_78' title='bbox 1344 895 1347 899; x_wconf 87' lang='grc'><strong>’</strong></span> 
     </span>
     <span class='ocr_line' id='line_1_9' title="bbox 142 959 1485 1033; baseline -0.001 -20"><span class='ocrx_word' id='word_1_79' title='bbox 142 970 145 977; x_wconf 92' lang='grc'><strong><em>’</em></strong></span> <span class='ocrx_word' id='word_1_80' title='bbox 234 959 339 1013; x_wconf 65' lang='lat' dir='ltr'>*Can</span> <span class='ocrx_word' id='word_1_81' title='bbox 354 962 450 1014; x_wconf 79' lang='lat' dir='ltr'><strong>XXX.</strong></span> <span class='ocrx_word' id='word_1_82' title='bbox 472 961 509 1012; x_wconf 82' lang='lat' dir='ltr'>Ut</span> <span class='ocrx_word' id='word_1_83' title='bbox 524 965 622 1033; x_wconf 76' lang='lat' dir='ltr'>cygni,</span> <span class='ocrx_word' id='word_1_84' title='bbox 646 963 693 1031; x_wconf 82' lang='lat' dir='ltr'>qui</span> <span class='ocrx_word' id='word_1_85' title='bbox 708 978 764 1012; x_wconf 89' lang='lat' dir='ltr'>non</span> <span class='ocrx_word' id='word_1_86' title='bbox 781 965 843 1011; x_wconf 91' lang='lat' dir='ltr'>sine</span> <span class='ocrx_word' id='word_1_87' title='bbox 859 978 953 1021; x_wconf 67' lang='lat' dir='ltr'>casssa,</span> <span class='ocrx_word' id='word_1_88' title='bbox 962 960 1088 1032; x_wconf 82' lang='lat' dir='ltr'>Apollini</span> <span class='ocrx_word' id='word_1_89' title='bbox 1102 960 1192 1013; x_wconf 78' lang='lat' dir='ltr'>dicati</span> <span class='ocrx_word' id='word_1_90' title='bbox 1208 961 1314 1027; x_wconf 72' lang='lat' dir='ltr'><strong>SUNT,</strong></span> <span class='ocrx_word' id='word_1_91' title='bbox 1343 960 1395 1013; x_wconf 84' lang='lat' dir='ltr'>sed</span> <span class='ocrx_word' id='word_1_92' title='bbox 1412 960 1485 1032; x_wconf 74' lang='lat' dir='ltr'>qssod</span> 
     </span>
     <span class='ocr_line' id='line_1_10' title="bbox 148 1033 1558 1109; baseline 0.001 -23"><span class='ocrx_word' id='word_1_93' title='bbox 148 1033 194 1086; x_wconf 72' lang='lat' dir='ltr'>ab</span> <span class='ocrx_word' id='word_1_94' title='bbox 212 1053 244 1086; x_wconf 89' lang='lat' dir='ltr'>eo</span> <span class='ocrx_word' id='word_1_95' title='bbox 263 1034 466 1087; x_wconf 84' lang='lat' dir='ltr'>diuinationem</span> <span class='ocrx_word' id='word_1_96' title='bbox 484 1034 584 1087; x_wconf 83' lang='lat' dir='ltr'>babere</span> <span class='ocrx_word' id='word_1_97' title='bbox 602 1035 770 1099; x_wconf 85' lang='lat' dir='ltr'>videantur,</span> <span class='ocrx_word' id='word_1_98' title='bbox 794 1036 873 1106; x_wconf 71' lang='lat' dir='ltr'>QUA</span> <span class='ocrx_word' id='word_1_99' title='bbox 888 1036 1088 1109; x_wconf 82' lang='lat' dir='ltr'>providentes,</span> <span class='ocrx_word' id='word_1_100' title='bbox 1112 1036 1180 1108; x_wconf 79' lang='lat' dir='ltr'>quid</span> <span class='ocrx_word' id='word_1_101' title='bbox 1195 1042 1226 1088; x_wconf 89' lang='lat' dir='ltr'>in</span> <span class='ocrx_word' id='word_1_102' title='bbox 1245 1047 1335 1090; x_wconf 87' lang='lat' dir='ltr'>morte</span> <span class='ocrx_word' id='word_1_103' title='bbox 1353 1038 1420 1089; x_wconf 90' lang='lat' dir='ltr'>boni</span> <span class='ocrx_word' id='word_1_104' title='bbox 1436 1042 1485 1104; x_wconf 85' lang='lat' dir='ltr'>sit,</span> <span class='ocrx_word' id='word_1_105' title='bbox 1554 1038 1558 1044; x_wconf 56' lang='lat'><em>⁴</em></span> 
     </span>
     <span class='ocr_line' id='line_1_11' title="bbox 148 1109 1482 1181; baseline 0 -18"><span class='ocrx_word' id='word_1_106' title='bbox 148 1128 220 1163; x_wconf 80' lang='lat' dir='ltr'>cuns</span> <span class='ocrx_word' id='word_1_107' title='bbox 238 1117 323 1160; x_wconf 89' lang='lat' dir='ltr'>cantu</span> <span class='ocrx_word' id='word_1_108' title='bbox 345 1117 375 1161; x_wconf 86' lang='lat' dir='ltr'>ei</span> <span class='ocrx_word' id='word_1_109' title='bbox 394 1110 540 1181; x_wconf 83' lang='lat' dir='ltr'>voluptate</span> <span class='ocrx_word' id='word_1_110' title='bbox 560 1110 802 1176; x_wconf 77' lang='lat' dir='ltr'>MOlllAN&#39;l&#39;UR,</span> <span class='ocrx_word' id='word_1_111' title='bbox 833 1116 875 1162; x_wconf 84' lang='lat' dir='ltr'>sic</span> <span class='ocrx_word' id='word_1_112' title='bbox 897 1109 1070 1164; x_wconf 78' lang='lat' dir='ltr'><strong>OMNIBUS</strong></span> <span class='ocrx_word' id='word_1_113' title='bbox 1091 1112 1137 1164; x_wconf 76' lang='grc' dir='ltr'>ΕΤ</span> <span class='ocrx_word' id='word_1_114' title='bbox 1159 1112 1240 1163; x_wconf 86' lang='lat' dir='ltr'>bonis</span> <span class='ocrx_word' id='word_1_115' title='bbox 1259 1122 1288 1164; x_wconf 85' lang='lat' dir='ltr'>et</span> <span class='ocrx_word' id='word_1_116' title='bbox 1309 1113 1401 1181; x_wconf 68' lang='lat' dir='ltr'>doctis</span> <span class='ocrx_word' id='word_1_117' title='bbox 1422 1131 1482 1164; x_wconf 90' lang='lat' dir='ltr'>esse</span> 
     </span>
     <span class='ocr_line' id='line_1_12' title="bbox 137 1182 1482 1258; baseline 0.004 -23"><span class='ocrx_word' id='word_1_118' title='bbox 137 1182 334 1257; x_wconf 82' lang='lat' dir='ltr'>faciendum]</span> <span class='ocrx_word' id='word_1_119' title='bbox 362 1182 444 1238; x_wconf 78' lang='lat' dir='ltr'>Plura</span> <span class='ocrx_word' id='word_1_120' title='bbox 467 1186 512 1237; x_wconf 87' lang='lat' dir='ltr'>bic</span> <span class='ocrx_word' id='word_1_121' title='bbox 537 1201 617 1249; x_wconf 86' lang='lat' dir='ltr'>suut,</span> <span class='ocrx_word' id='word_1_122' title='bbox 639 1200 708 1256; x_wconf 79' lang='lat' dir='ltr'>quse</span> <span class='ocrx_word' id='word_1_123' title='bbox 731 1201 816 1238; x_wconf 79' lang='lat' dir='ltr'>mauu</span> <span class='ocrx_word' id='word_1_124' title='bbox 837 1184 945 1239; x_wconf 83' lang='lat' dir='ltr'>medica</span> <span class='ocrx_word' id='word_1_125' title='bbox 969 1185 1103 1258; x_wconf 81' lang='lat' dir='ltr'>indigent.</span> <span class='ocrx_word' id='word_1_126' title='bbox 1142 1187 1238 1241; x_wconf 87' lang='lat' dir='ltr'>Primo</span> <span class='ocrx_word' id='word_1_127' title='bbox 1261 1189 1347 1243; x_wconf 64' lang='lat' dir='ltr'>sitii!</span> <span class='ocrx_word' id='word_1_128' title='bbox 1369 1187 1482 1253; x_wconf 76' lang='lat' dir='ltr'>bahent,</span> 
     </span>
     <span class='ocr_line' id='line_1_13' title="bbox 149 1257 1483 1334; baseline 0.004 -23"><span class='ocrx_word' id='word_1_129' title='bbox 149 1277 214 1313; x_wconf 83' lang='lat' dir='ltr'>nou</span> <span class='ocrx_word' id='word_1_130' title='bbox 233 1267 313 1325; x_wconf 77' lang='lat' dir='ltr'>ssent,</span> <span class='ocrx_word' id='word_1_131' title='bbox 335 1257 445 1312; x_wconf 85' lang='lat' dir='ltr'>codices</span> <span class='ocrx_word' id='word_1_132' title='bbox 464 1265 552 1313; x_wconf 88' lang='lat' dir='ltr'>nostri</span> <span class='ocrx_word' id='word_1_133' title='bbox 570 1277 675 1314; x_wconf 85' lang='lat' dir='ltr'>omues.</span> <span class='ocrx_word' id='word_1_134' title='bbox 714 1259 821 1313; x_wconf 84' lang='lat' dir='ltr'>Deinde</span> <span class='ocrx_word' id='word_1_135' title='bbox 841 1279 891 1334; x_wconf 84' lang='lat' dir='ltr'>pro</span> <span class='ocrx_word' id='word_1_136' title='bbox 911 1261 986 1329; x_wconf 75' lang='lat' dir='ltr'>QUA</span> <span class='ocrx_word' id='word_1_137' title='bbox 1007 1277 1082 1314; x_wconf 89' lang='lat' dir='ltr'>recte</span> <span class='ocrx_word' id='word_1_138' title='bbox 1098 1276 1129 1315; x_wconf 90' lang='lat' dir='ltr'>tu</span> <span class='ocrx_word' id='word_1_139' title='bbox 1145 1280 1179 1315; x_wconf 80' lang='lat' dir='ltr'>ex</span> <span class='ocrx_word' id='word_1_140' title='bbox 1194 1267 1356 1317; x_wconf 82' lang='lat' dir='ltr'>coniectura</span> <span class='ocrx_word' id='word_1_141' title='bbox 1372 1263 1483 1333; x_wconf 80' lang='lat' dir='ltr'>Qutst</span> 
     </span>
     <span class='ocr_line' id='line_1_14' title="bbox 149 1330 1485 1410; baseline 0.001 -24"><span class='ocrx_word' id='word_1_142' title='bbox 149 1340 279 1401; x_wconf 80' lang='lat' dir='ltr'>seponis.</span> <span class='ocrx_word' id='word_1_143' title='bbox 318 1334 387 1388; x_wconf 70' lang='lat' dir='ltr'>tto:</span> <span class='ocrx_word' id='word_1_144' title='bbox 404 1352 454 1407; x_wconf 84' lang='lat' dir='ltr'>pro</span> <span class='ocrx_word' id='word_1_145' title='bbox 471 1335 716 1400; x_wconf 69' lang='lat' dir='ltr'>momentus,</span> <span class='ocrx_word' id='word_1_146' title='bbox 737 1334 811 1406; x_wconf 88' lang='lat' dir='ltr'>quod</span> <span class='ocrx_word' id='word_1_147' title='bbox 827 1335 940 1389; x_wconf 87' lang='lat' dir='ltr'>codices</span> <span class='ocrx_word' id='word_1_148' title='bbox 956 1330 1108 1402; x_wconf 72' lang='lat' dir='ltr'>exhibent,</span> <span class='ocrx_word' id='word_1_149' title='bbox 1124 1355 1175 1410; x_wconf 75' lang='lat' dir='ltr'>ego</span> <span class='ocrx_word' id='word_1_150' title='bbox 1191 1342 1301 1410; x_wconf 68' lang='lat' dir='ltr'>corrigo</span> <span class='ocrx_word' id='word_1_151' title='bbox 1318 1337 1485 1395; x_wconf 70' lang='lat' dir='ltr'>stomun.</span> 
     </span>
     <span class='ocr_line' id='line_1_15' title="bbox 150 1408 1484 1484; baseline 0.001 -22"><span class='ocrx_word' id='word_1_152' title='bbox 150 1409 247 1475; x_wconf 80' lang='lat' dir='ltr'>TUll,</span> <span class='ocrx_word' id='word_1_153' title='bbox 266 1426 293 1462; x_wconf 88' lang='lat' dir='ltr'>et</span> <span class='ocrx_word' id='word_1_154' title='bbox 313 1413 363 1462; x_wconf 50' lang='lat' dir='ltr'>sic,</span> <span class='ocrx_word' id='word_1_155' title='bbox 376 1408 464 1462; x_wconf 82' lang='lat' dir='ltr'>codex</span> <span class='ocrx_word' id='word_1_156' title='bbox 486 1425 548 1469; x_wconf 89' lang='lat' dir='ltr'>tuus</span> <span class='ocrx_word' id='word_1_157' title='bbox 568 1410 746 1464; x_wconf 81' lang='lat' dir='ltr'>bolioleusis:</span> <span class='ocrx_word' id='word_1_158' title='bbox 770 1412 822 1464; x_wconf 85' lang='lat' dir='ltr'>UT</span> <span class='ocrx_word' id='word_1_159' title='bbox 839 1415 930 1484; x_wconf 74' lang='lat' dir='ltr'>cygni</span> <span class='ocrx_word' id='word_1_160' title='bbox 948 1428 1010 1463; x_wconf 87' lang='lat' dir='ltr'>curn</span> <span class='ocrx_word' id='word_1_161' title='bbox 1028 1420 1116 1464; x_wconf 89' lang='lat' dir='ltr'>cantu</span> <span class='ocrx_word' id='word_1_162' title='bbox 1130 1419 1306 1479; x_wconf 86' lang='lat' dir='ltr'>moriuntur,</span> <span class='ocrx_word' id='word_1_163' title='bbox 1329 1416 1385 1471; x_wconf 82' lang='lat' dir='ltr'>Sic</span> <span class='ocrx_word' id='word_1_164' title='bbox 1403 1412 1484 1464; x_wconf 89' lang='lat' dir='ltr'>nobis</span> 
     </span>
     <span class='ocr_line' id='line_1_16' title="bbox 152 1482 1480 1555; baseline 0.005 -20"><span class='ocrx_word' id='word_1_165' title='bbox 152 1501 217 1536; x_wconf 85' lang='lat' dir='ltr'>esse</span> <span class='ocrx_word' id='word_1_166' title='bbox 233 1482 414 1555; x_wconf 84' lang='lat' dir='ltr'>faciendum.</span> <span class='ocrx_word' id='word_1_167' title='bbox 459 1486 604 1547; x_wconf 84' lang='lat' dir='ltr'>Postremo</span> <span class='ocrx_word' id='word_1_168' title='bbox 627 1487 754 1538; x_wconf 82' lang='lat' dir='ltr'>omnibus</span> <span class='ocrx_word' id='word_1_169' title='bbox 775 1486 904 1539; x_wconf 86' lang='lat' dir='ltr'>ethonis</span> <span class='ocrx_word' id='word_1_170' title='bbox 925 1493 954 1538; x_wconf 89' lang='lat' dir='ltr'>et</span> <span class='ocrx_word' id='word_1_171' title='bbox 977 1485 1069 1538; x_wconf 81' lang='lat' dir='ltr'>doctis</span> <span class='ocrx_word' id='word_1_172' title='bbox 1092 1492 1122 1539; x_wconf 86' lang='lat' dir='ltr'>itt</span> <span class='ocrx_word' id='word_1_173' title='bbox 1144 1488 1256 1541; x_wconf 90' lang='lat' dir='ltr'>occulto</span> <span class='ocrx_word' id='word_1_174' title='bbox 1278 1495 1345 1542; x_wconf 81' lang='lat' dir='ltr'>vitio</span> <span class='ocrx_word' id='word_1_175' title='bbox 1369 1488 1480 1544; x_wconf 86' lang='lat' dir='ltr'>cubant.</span> 
     </span>
     <span class='ocr_line' id='line_1_17' title="bbox 151 1558 1484 1634; baseline 0.004 -21"><span class='ocrx_word' id='word_1_176' title='bbox 151 1559 238 1613; x_wconf 87' lang='lat' dir='ltr'>Prius</span> <span class='ocrx_word' id='word_1_177' title='bbox 258 1560 307 1612; x_wconf 81' lang='grc' dir='ltr'>ΕΤ</span> <span class='ocrx_word' id='word_1_178' title='bbox 325 1565 413 1613; x_wconf 88' lang='lat' dir='ltr'>nostri</span> <span class='ocrx_word' id='word_1_179' title='bbox 434 1558 514 1613; x_wconf 87' lang='lat' dir='ltr'>codd.</span> <span class='ocrx_word' id='word_1_180' title='bbox 536 1578 631 1614; x_wconf 88' lang='lat' dir='ltr'>omues</span> <span class='ocrx_word' id='word_1_181' title='bbox 654 1562 815 1634; x_wconf 83' lang='lat' dir='ltr'>repudiant:</span> <span class='ocrx_word' id='word_1_182' title='bbox 839 1578 866 1615; x_wconf 92' lang='lat' dir='ltr'>et</span> <span class='ocrx_word' id='word_1_183' title='bbox 890 1560 990 1615; x_wconf 78' lang='lat' dir='ltr'>lrustra</span> <span class='ocrx_word' id='word_1_184' title='bbox 1010 1577 1076 1615; x_wconf 84' lang='lat' dir='ltr'>etue</span> <span class='ocrx_word' id='word_1_185' title='bbox 1095 1562 1262 1617; x_wconf 79' lang='lat' dir='ltr'>seutentiam</span> <span class='ocrx_word' id='word_1_186' title='bbox 1284 1581 1396 1620; x_wconf 82' lang='lat' dir='ltr'>onerat:</span> <span class='ocrx_word' id='word_1_187' title='bbox 1420 1564 1484 1618; x_wconf 87' lang='lat' dir='ltr'>dein</span> 
     </span>
     <span class='ocr_line' id='line_1_18' title="bbox 152 1633 1484 1709; baseline 0.007 -23"><span class='ocrx_word' id='word_1_188' title='bbox 152 1633 268 1687; x_wconf 74' lang='lat' dir='ltr'>adverte</span> <span class='ocrx_word' id='word_1_189' title='bbox 285 1639 406 1688; x_wconf 82' lang='lat' dir='ltr'>animum</span> <span class='ocrx_word' id='word_1_190' title='bbox 426 1634 461 1687; x_wconf 81' lang='lat' dir='ltr'>sd</span> <span class='ocrx_word' id='word_1_191' title='bbox 481 1639 717 1709; x_wconf 78' lang='lat' dir='ltr'>comparationem</span> <span class='ocrx_word' id='word_1_192' title='bbox 737 1636 831 1699; x_wconf 86' lang='lat' dir='ltr'>illam,</span> <span class='ocrx_word' id='word_1_193' title='bbox 854 1637 905 1690; x_wconf 84' lang='lat' dir='ltr'>UT</span> <span class='ocrx_word' id='word_1_194' title='bbox 925 1644 1028 1709; x_wconf 78' lang='lat' dir='ltr'>cy&#39;gni,</span> <span class='ocrx_word' id='word_1_195' title='bbox 1050 1642 1090 1688; x_wconf 92' lang='lat' dir='ltr'>sic</span> <span class='ocrx_word' id='word_1_196' title='bbox 1111 1656 1222 1691; x_wconf 86' lang='lat' dir='ltr'>ornnes:</span> <span class='ocrx_word' id='word_1_197' title='bbox 1244 1645 1327 1693; x_wconf 85' lang='lat' dir='ltr'>immo</span> <span class='ocrx_word' id='word_1_198' title='bbox 1344 1659 1425 1703; x_wconf 76' lang='lat' dir='ltr'>cero,</span> <span class='ocrx_word' id='word_1_199' title='bbox 1445 1644 1484 1691; x_wconf 73' lang='lat' dir='ltr'>sic</span> 
     </span>
     <span class='ocr_line' id='line_1_19' title="bbox 150 1708 1484 1787; baseline 0.004 -25"><span class='ocrx_word' id='word_1_200' title='bbox 150 1708 298 1762; x_wconf 79' lang='lat' dir='ltr'>homines:</span> <span class='ocrx_word' id='word_1_201' title='bbox 316 1726 343 1762; x_wconf 91' lang='lat' dir='ltr'>et</span> <span class='ocrx_word' id='word_1_202' title='bbox 358 1715 418 1764; x_wconf 87' lang='lat' dir='ltr'>sine</span> <span class='ocrx_word' id='word_1_203' title='bbox 435 1709 520 1763; x_wconf 89' lang='lat' dir='ltr'>dubio</span> <span class='ocrx_word' id='word_1_204' title='bbox 536 1711 694 1784; x_wconf 72' lang='lat' dir='ltr'>legendum,</span> <span class='ocrx_word' id='word_1_205' title='bbox 710 1716 751 1764; x_wconf 85' lang='lat' dir='ltr'>sic</span> <span class='ocrx_word' id='word_1_206' title='bbox 763 1711 975 1765; x_wconf 80' lang='lat' dir='ltr'>HOMINIBVS</span> <span class='ocrx_word' id='word_1_207' title='bbox 992 1712 1073 1765; x_wconf 87' lang='lat' dir='ltr'>bonis</span> <span class='ocrx_word' id='word_1_208' title='bbox 1087 1720 1115 1764; x_wconf 87' lang='lat' dir='ltr'>et</span> <span class='ocrx_word' id='word_1_209' title='bbox 1129 1714 1220 1767; x_wconf 86' lang='lat' dir='ltr'>doctis</span> <span class='ocrx_word' id='word_1_210' title='bbox 1234 1733 1295 1767; x_wconf 87' lang='lat' dir='ltr'>esse</span> <span class='ocrx_word' id='word_1_211' title='bbox 1302 1712 1484 1787; x_wconf 80' lang='lat' dir='ltr'>faciendum.</span> 
     </span>
     <span class='ocr_line' id='line_1_20' title="bbox 231 1782 1485 1865; baseline 0.002 -28"><span class='ocrx_word' id='word_1_212' title='bbox 231 1782 346 1838; x_wconf 73' lang='lat' dir='ltr'>*ibib</span> <span class='ocrx_word' id='word_1_213' title='bbox 373 1786 457 1856; x_wconf 79' lang='lat' dir='ltr'>Quod</span> <span class='ocrx_word' id='word_1_214' title='bbox 477 1785 526 1837; x_wconf 89' lang='lat' dir='ltr'>bis&#39;</span> <span class='ocrx_word' id='word_1_215' title='bbox 549 1806 630 1857; x_wconf 81' lang='lat' dir='ltr'><em>saepe</em></span> <span class='ocrx_word' id='word_1_216' title='bbox 653 1806 704 1838; x_wconf 89' lang='lat' dir='ltr'>usu</span> <span class='ocrx_word' id='word_1_217' title='bbox 726 1792 822 1851; x_wconf 83' lang='lat' dir='ltr'>uenit,</span> <span class='ocrx_word' id='word_1_218' title='bbox 855 1794 901 1857; x_wconf 89' lang='lat' dir='ltr'>qui</span> <span class='ocrx_word' id='word_1_219' title='bbox 922 1787 1036 1855; x_wconf 85' lang='lat' dir='ltr'><strong>QUUM</strong></span> <span class='ocrx_word' id='word_1_220' title='bbox 1058 1794 1166 1840; x_wconf 89' lang='lat' dir='ltr'>acriter</span> <span class='ocrx_word' id='word_1_221' title='bbox 1194 1791 1281 1842; x_wconf 87' lang='lat' dir='ltr'>oculis</span> <span class='ocrx_word' id='word_1_222' title='bbox 1308 1789 1485 1865; x_wconf 77' lang='lat' dir='ltr'>deficientent</span> 
     </span>
     <span class='ocr_line' id='line_1_21' title="bbox 152 1856 1514 1940; baseline 0.007 -29"><span class='ocrx_word' id='word_1_223' title='bbox 152 1860 242 1915; x_wconf 80' lang='lat' dir='ltr'>solem</span> <span class='ocrx_word' id='word_1_224' title='bbox 258 1865 450 1926; x_wconf 84' lang='lat' dir='ltr'>intuerentur,</span> <span class='ocrx_word' id='word_1_225' title='bbox 472 1869 503 1912; x_wconf 89' lang='lat' dir='ltr'>ut</span> <span class='ocrx_word' id='word_1_226' title='bbox 523 1873 667 1934; x_wconf 83' lang='lat' dir='ltr'>aspectans</span> <span class='ocrx_word' id='word_1_227' title='bbox 684 1867 795 1915; x_wconf 85' lang='lat' dir='ltr'>omnino</span> <span class='ocrx_word' id='word_1_228' title='bbox 812 1866 987 1931; x_wconf 87' lang='lat' dir='ltr'>amitterent]</span> <span class='ocrx_word' id='word_1_229' title='bbox 1014 1865 1100 1917; x_wconf 83' lang='lat' dir='ltr'>Recte</span> <span class='ocrx_word' id='word_1_230' title='bbox 1117 1856 1220 1918; x_wconf 70' lang='lat' dir='ltr'>veteres</span> <span class='ocrx_word' id='word_1_231' title='bbox 1237 1872 1326 1920; x_wconf 87' lang='lat' dir='ltr'>nostrl</span> <span class='ocrx_word' id='word_1_232' title='bbox 1344 1866 1484 1940; x_wconf 69' lang='lat' dir='ltr'>deficieti—</span> <span class='ocrx_word' id='word_1_233' title='bbox 1509 1896 1514 1905; x_wconf 92' lang='lat'><strong>·</strong></span> 
     </span>
     <span class='ocr_line' id='line_1_22' title="bbox 152 1937 1482 2016; baseline 0.007 -29"><span class='ocrx_word' id='word_1_234' title='bbox 152 1945 229 1999; x_wconf 85' lang='lat' dir='ltr'>tent,</span> <span class='ocrx_word' id='word_1_235' title='bbox 257 1952 329 1999; x_wconf 85' lang='lat' dir='ltr'>non,</span> <span class='ocrx_word' id='word_1_236' title='bbox 360 1954 390 1989; x_wconf 84' lang='lat' dir='ltr'>ut</span> <span class='ocrx_word' id='word_1_237' title='bbox 413 1941 567 2003; x_wconf 78' lang='lat' dir='ltr'>recentior,</span> <span class='ocrx_word' id='word_1_238' title='bbox 594 1937 627 1988; x_wconf 81' lang='lat' dir='ltr'>de</span> <span class='ocrx_word' id='word_1_239' title='bbox 653 1938 804 1990; x_wconf 81' lang='lat' dir='ltr'>cientibus:</span> <span class='ocrx_word' id='word_1_240' title='bbox 830 1939 903 2009; x_wconf 91' lang='lat' dir='ltr'>quod</span> <span class='ocrx_word' id='word_1_241' title='bbox 927 1956 959 1990; x_wconf 79' lang='lat' dir='ltr'>ex</span> <span class='ocrx_word' id='word_1_242' title='bbox 984 1942 1071 2010; x_wconf 84' lang='lat' dir='ltr'>ipsius</span> <span class='ocrx_word' id='word_1_243' title='bbox 1093 1938 1216 1994; x_wconf 76' lang='lat' dir='ltr'>SocrstIs</span> <span class='ocrx_word' id='word_1_244' title='bbox 1240 1941 1330 1995; x_wconf 83' lang='lat' dir='ltr'>verbis</span> <span class='ocrx_word' id='word_1_245' title='bbox 1353 1950 1430 2016; x_wconf 82' lang='lat' dir='ltr'>patet</span> <span class='ocrx_word' id='word_1_246' title='bbox 1452 1944 1482 1996; x_wconf 87' lang='lat' dir='ltr'>iu</span> 
     </span>
     <span class='ocr_line' id='line_1_23' title="bbox 152 1936 1483 2152; baseline 0.007 -88"><span class='ocrx_word' id='word_1_247' title='bbox 152 2010 280 2064; x_wconf 84' lang='lat' dir='ltr'>Platonis</span> <span class='ocrx_word' id='word_1_248' title='bbox 295 2009 449 2076; x_wconf 84' lang='lat' dir='ltr'>Phaedone,</span> <span class='ocrx_word' id='word_1_249' title='bbox 469 2009 509 2084; x_wconf 82' lang='lat' dir='ltr'>(p.</span> <span class='ocrx_word' id='word_1_250' title='bbox 524 2017 570 2069; x_wconf 81' lang='lat'>99.</span> <span class='ocrx_word' id='word_1_251' title='bbox 587 1936 687 2086; x_wconf 45' lang='lat' dir='ltr'>Used</span> <span class='ocrx_word' id='word_1_252' title='bbox 704 2029 773 2085; x_wconf 83' lang='lat' dir='ltr'>quae</span> <span class='ocrx_word' id='word_1_253' title='bbox 792 2013 837 2065; x_wconf 89' lang='lat' dir='ltr'>bic</span> <span class='ocrx_word' id='word_1_254' title='bbox 852 2015 966 2085; x_wconf 85' lang='lat' dir='ltr'>respicit</span> <span class='ocrx_word' id='word_1_255' title='bbox 982 2016 1097 2067; x_wconf 85' lang='lat' dir='ltr'>Cicero:</span> <span class='ocrx_word' id='word_1_256' title='bbox 1118 2012 1171 2089; x_wconf 79' lang='grc' dir='ltr'>Μὴ</span> <span class='ocrx_word' id='word_1_257' title='bbox 1187 2015 1340 2095; x_wconf 69' lang='grc' dir='ltr'>πάθοιμι,</span> <span class='ocrx_word' id='word_1_258' title='bbox 1352 2016 1435 2152; x_wconf 56' lang='lat' dir='ltr'>burg</span> <span class='ocrx_word' id='word_1_259' title='bbox 1452 2022 1483 2074; x_wconf 85' lang='lat' dir='ltr'>oi</span> 
     </span>
     <span class='ocr_line' id='line_1_24' title="bbox 155 2088 1482 2167; baseline 0.005 -27"><span class='ocrx_word' id='word_1_260' title='bbox 155 2093 235 2141; x_wconf 72' lang='lat' dir='ltr'>&#39;iiiii</span> <span class='ocrx_word' id='word_1_261' title='bbox 254 2092 382 2142; x_wconf 78' lang='lat' dir='ltr'>iiAIOtt&#39;</span> <span class='ocrx_word' id='word_1_262' title='bbox 402 2094 656 2145; x_wconf 74' lang='lat' dir='ltr'>EKAb‘itloit&#39;i&#39;A</span> <span class='ocrx_word' id='word_1_263' title='bbox 677 2089 869 2164; x_wconf 66' lang='grc' dir='ltr'><em>θεωροῦντες</em></span> <span class='ocrx_word' id='word_1_264' title='bbox 903 2088 958 2144; x_wconf 85' lang='grc' dir='ltr'>καὶ</span> <span class='ocrx_word' id='word_1_265' title='bbox 981 2106 1186 2166; x_wconf 75' lang='grc' dir='ltr'><em>σκοπουμενοι</em></span> <span class='ocrx_word' id='word_1_266' title='bbox 1207 2094 1379 2167; x_wconf 70' lang='grc' dir='ltr'><em>πάσχουσι·</em></span> <span class='ocrx_word' id='word_1_267' title='bbox 1429 2111 1482 2148; x_wconf 85' lang='grc' dir='ltr'>ια-</span> 
     </span>
     <span class='ocr_line' id='line_1_25' title="bbox 153 2157 1482 2248; baseline 0.004 -32"><span class='ocrx_word' id='word_1_268' title='bbox 153 2158 344 2234; x_wconf 69' lang='lat' dir='ltr'>adelomus</span> <span class='ocrx_word' id='word_1_269' title='bbox 361 2159 420 2246; x_wconf 65' lang='grc' dir='ltr'>χάρ</span> <span class='ocrx_word' id='word_1_270' title='bbox 445 2179 506 2218; x_wconf 86' lang='lat' dir='ltr'>nov</span> <span class='ocrx_word' id='word_1_271' title='bbox 532 2157 607 2248; x_wconf 65' lang='grc' dir='ltr'><em>ἔνιόι</em></span> <span class='ocrx_word' id='word_1_272' title='bbox 631 2158 672 2220; x_wconf 83' lang='grc' dir='ltr'>τὰ</span> <span class='ocrx_word' id='word_1_273' title='bbox 697 2160 844 2240; x_wconf 79' lang='grc' dir='ltr'><strong><em>ὄμματα,</em></strong></span> <span class='ocrx_word' id='word_1_274' title='bbox 879 2159 934 2220; x_wconf 80' lang='grc' dir='ltr'>ἐὰν</span> <span class='ocrx_word' id='word_1_275' title='bbox 952 2158 999 2240; x_wconf 80' lang='grc' dir='ltr'>μὴ</span> <span class='ocrx_word' id='word_1_276' title='bbox 1022 2163 1054 2219; x_wconf 74' lang='grc' dir='ltr'>ἓν</span> <span class='ocrx_word' id='word_1_277' title='bbox 1072 2165 1163 2221; x_wconf 83' lang='grc' dir='ltr'><em>υὸατι</em></span> <span class='ocrx_word' id='word_1_278' title='bbox 1180 2162 1202 2239; x_wconf 76' lang='grc' dir='ltr'><em>ἢ</em></span> <span class='ocrx_word' id='word_1_279' title='bbox 1223 2160 1256 2223; x_wconf 79' lang='grc' dir='ltr'>ἓν</span> <span class='ocrx_word' id='word_1_280' title='bbox 1276 2187 1335 2223; x_wconf 79' lang='grc' dir='ltr'><em>τινι</em></span> <span class='ocrx_word' id='word_1_281' title='bbox 1353 2167 1482 2238; x_wconf 79' lang='grc' dir='ltr'><strong><em>τοιούτῳ</em></strong></span> 
     </span>
    </p>
   </div>
   <div class='ocr_carea' id='block_1_3' title="bbox 154 2236 1577 2310">
    <p class='ocr_par' dir='ltr' id='par_1_3' title="bbox 154 2236 1577 2310">
     <span class='ocr_line' id='line_1_26' title="bbox 154 2236 1577 2310; baseline 0.006 -22"><span class='ocrx_word' id='word_1_282' title='bbox 154 2236 333 2289; x_wconf 81' lang='grc' dir='ltr'><em>σκοπῶνται</em></span> <span class='ocrx_word' id='word_1_283' title='bbox 348 2254 404 2306; x_wconf 84' lang='grc' dir='ltr'>την</span> <span class='ocrx_word' id='word_1_284' title='bbox 420 2240 525 2292; x_wconf 73' lang='grc' dir='ltr'><em>εἰκονα</em></span> <span class='ocrx_word' id='word_1_285' title='bbox 540 2239 646 2293; x_wconf 69' lang='grc' dir='ltr'><strong>αυτοῦ.</strong></span> <span class='ocrx_word' id='word_1_286' title='bbox 683 2237 814 2291; x_wconf 89' lang='lat' dir='ltr'>Ceterum</span> <span class='ocrx_word' id='word_1_287' title='bbox 833 2236 967 2309; x_wconf 83' lang='lat' dir='ltr'>impedita</span> <span class='ocrx_word' id='word_1_288' title='bbox 984 2253 1026 2291; x_wconf 90' lang='lat' dir='ltr'>est</span> <span class='ocrx_word' id='word_1_289' title='bbox 1043 2243 1150 2302; x_wconf 78' lang='lat' dir='ltr'>oratio,</span> <span class='ocrx_word' id='word_1_290' title='bbox 1170 2255 1197 2292; x_wconf 88' lang='lat' dir='ltr'>et</span> <span class='ocrx_word' id='word_1_291' title='bbox 1215 2240 1257 2292; x_wconf 81' lang='lat' dir='ltr'>vcl</span> <span class='ocrx_word' id='word_1_292' title='bbox 1274 2240 1341 2294; x_wconf 88' lang='lat' dir='ltr'>illud</span> <span class='ocrx_word' id='word_1_293' title='bbox 1359 2244 1482 2310; x_wconf 81' lang='lat' dir='ltr'><strong>QUUM,</strong></span> <span class='ocrx_word' id='word_1_294' title='bbox 1573 2236 1577 2243; x_wconf 76' lang='grc'><strong>’</strong></span> 
     </span>
    </p>
   </div>
   <div class='ocr_carea' id='block_1_4' title="bbox 152 2309 1545 2759">
    <p class='ocr_par' dir='ltr' id='par_1_4' title="bbox 152 2309 1545 2759">
     <span class='ocr_line' id='line_1_27' title="bbox 153 2309 1481 2383; baseline 0.008 -24"><span class='ocrx_word' id='word_1_295' title='bbox 153 2323 187 2359; x_wconf 80' lang='grc' dir='ltr'>ιιι</span> <span class='ocrx_word' id='word_1_296' title='bbox 212 2309 356 2361; x_wconf 77' lang='lat' dir='ltr'>Manutius</span> <span class='ocrx_word' id='word_1_297' title='bbox 382 2324 408 2362; x_wconf 88' lang='lat' dir='ltr'>et</span> <span class='ocrx_word' id='word_1_298' title='bbox 426 2309 577 2364; x_wconf 78' lang='lat' dir='ltr'>Lambinus</span> <span class='ocrx_word' id='word_1_299' title='bbox 602 2313 744 2376; x_wconf 81' lang='lat' dir='ltr'>viderunt,</span> <span class='ocrx_word' id='word_1_300' title='bbox 764 2312 817 2377; x_wconf 85' lang='lat' dir='ltr'>vel,</span> <span class='ocrx_word' id='word_1_301' title='bbox 841 2328 949 2365; x_wconf 85' lang='lat' dir='ltr'>rest-oto</span> <span class='ocrx_word' id='word_1_302' title='bbox 968 2330 1066 2383; x_wconf 82' lang='lat' dir='ltr'>quarn,</span> <span class='ocrx_word' id='word_1_303' title='bbox 1095 2315 1263 2368; x_wconf 84' lang='lat' dir='ltr'>eliciendum</span> <span class='ocrx_word' id='word_1_304' title='bbox 1286 2321 1338 2370; x_wconf 87' lang='lat' dir='ltr'>erit</span> <span class='ocrx_word' id='word_1_305' title='bbox 1359 2318 1419 2372; x_wconf 84' lang='lat' dir='ltr'>UT;</span> <span class='ocrx_word' id='word_1_306' title='bbox 1453 2330 1481 2369; x_wconf 90' lang='lat' dir='ltr'>et</span> 
     </span>
     <span class='ocr_line' id='line_1_28' title="bbox 153 2382 1480 2461; baseline 0.009 -29"><span class='ocrx_word' id='word_1_307' title='bbox 153 2398 299 2455; x_wconf 81' lang='lat' dir='ltr'>praeterea</span> <span class='ocrx_word' id='word_1_308' title='bbox 319 2382 489 2449; x_wconf 82' lang='lat' dir='ltr'>notandam,</span> <span class='ocrx_word' id='word_1_309' title='bbox 519 2382 554 2443; x_wconf 74' lang='lat' dir='ltr'>rb</span> <span class='ocrx_word' id='word_1_310' title='bbox 572 2392 652 2438; x_wconf 80' lang='lat' dir='ltr'>uenit</span> <span class='ocrx_word' id='word_1_311' title='bbox 674 2388 720 2439; x_wconf 88' lang='lat' dir='ltr'>hic</span> <span class='ocrx_word' id='word_1_312' title='bbox 741 2385 858 2461; x_wconf 80' lang='lat' dir='ltr'>perfecti</span> <span class='ocrx_word' id='word_1_313' title='bbox 879 2392 1029 2459; x_wconf 85' lang='lat' dir='ltr'>temporis,</span> <span class='ocrx_word' id='word_1_314' title='bbox 1060 2405 1117 2441; x_wconf 85' lang='lat' dir='ltr'>non</span> <span class='ocrx_word' id='word_1_315' title='bbox 1136 2395 1289 2461; x_wconf 87' lang='lat' dir='ltr'>praesentis</span> <span class='ocrx_word' id='word_1_316' title='bbox 1308 2408 1381 2446; x_wconf 88' lang='lat' dir='ltr'>esse:</span> <span class='ocrx_word' id='word_1_317' title='bbox 1412 2407 1480 2445; x_wconf 84' lang='lat' dir='ltr'>uum</span> 
     </span>
     <span class='ocr_line' id='line_1_29' title="bbox 153 2455 1448 2530; baseline 0.008 -21"><span class='ocrx_word' id='word_1_318' title='bbox 153 2457 257 2530; x_wconf 80' lang='lat' dir='ltr'>alioqui</span> <span class='ocrx_word' id='word_1_319' title='bbox 281 2455 428 2512; x_wconf 85' lang='lat' dir='ltr'>dicendum</span> <span class='ocrx_word' id='word_1_320' title='bbox 449 2476 537 2524; x_wconf 88' lang='lat' dir='ltr'>esset,</span> <span class='ocrx_word' id='word_1_321' title='bbox 563 2466 741 2529; x_wconf 80' lang='lat' dir='ltr'>intueantur,</span> <span class='ocrx_word' id='word_1_322' title='bbox 762 2478 789 2515; x_wconf 93' lang='lat' dir='ltr'>et</span> <span class='ocrx_word' id='word_1_323' title='bbox 809 2468 956 2516; x_wconf 84' lang='lat' dir='ltr'>amittant.</span> <span class='ocrx_word' id='word_1_324' title='bbox 1375 2508 1378 2513; x_wconf 84' lang='lat'><strong>.</strong></span> <span class='ocrx_word' id='word_1_325' title='bbox 1444 2512 1448 2519; x_wconf 81' lang='grc'><strong>.</strong></span> 
     </span>
     <span class='ocr_line' id='line_1_30' title="bbox 230 2532 1479 2609; baseline 0.007 -25"><span class='ocrx_word' id='word_1_326' title='bbox 230 2535 247 2568; x_wconf 82' lang='grc'><em>*</em></span> <span class='ocrx_word' id='word_1_327' title='bbox 255 2532 292 2584; x_wconf 91' lang='lat' dir='ltr'>lh</span> <span class='ocrx_word' id='word_1_328' title='bbox 302 2533 346 2605; x_wconf 66' lang='lat' dir='ltr'>td,</span> <span class='ocrx_word' id='word_1_329' title='bbox 365 2532 464 2606; x_wconf 85' lang='lat' dir='ltr'>Itaque</span> <span class='ocrx_word' id='word_1_330' title='bbox 479 2533 620 2599; x_wconf 87' lang='lat' dir='ltr'>dubitans,</span> <span class='ocrx_word' id='word_1_331' title='bbox 634 2542 886 2608; x_wconf 65' lang='lat' dir='ltr'>tircssntspecians,</span> <span class='ocrx_word' id='word_1_332' title='bbox 905 2536 1061 2603; x_wconf 74' lang='lat' dir='ltr'>haesitans,</span> <span class='ocrx_word' id='word_1_333' title='bbox 1080 2539 1171 2591; x_wconf 87' lang='lat' dir='ltr'>multa</span> <span class='ocrx_word' id='word_1_334' title='bbox 1185 2540 1308 2593; x_wconf 84' lang='lat' dir='ltr'>adversa</span> <span class='ocrx_word' id='word_1_335' title='bbox 1323 2550 1479 2609; x_wconf 87' lang='lat' dir='ltr'>reuertens,</span> 
     </span>
     <span class='ocr_line' id='line_1_31' title="bbox 152 2611 1478 2683; baseline 0.011 -26"><span class='ocrx_word' id='word_1_336' title='bbox 152 2614 296 2677; x_wconf 76' lang='lat' dir='ltr'>tamquam</span> <span class='ocrx_word' id='word_1_337' title='bbox 317 2614 348 2659; x_wconf 89' lang='lat' dir='ltr'>in</span> <span class='ocrx_word' id='word_1_338' title='bbox 369 2618 431 2661; x_wconf 88' lang='lat' dir='ltr'>rate</span> <span class='ocrx_word' id='word_1_339' title='bbox 452 2616 483 2661; x_wconf 93' lang='lat' dir='ltr'>in</span> <span class='ocrx_word' id='word_1_340' title='bbox 504 2616 579 2661; x_wconf 89' lang='lat' dir='ltr'>mari</span> <span class='ocrx_word' id='word_1_341' title='bbox 597 2617 730 2667; x_wconf 85' lang='lat' dir='ltr'>immenso</span> <span class='ocrx_word' id='word_1_342' title='bbox 749 2622 852 2665; x_wconf 86' lang='lat' dir='ltr'>nostra</span> <span class='ocrx_word' id='word_1_343' title='bbox 869 2611 983 2665; x_wconf 76' lang='lat' dir='ltr'>cabitur</span> <span class='ocrx_word' id='word_1_344' title='bbox 1002 2618 1108 2683; x_wconf 87' lang='lat' dir='ltr'>oratio]</span> <span class='ocrx_word' id='word_1_345' title='bbox 1133 2615 1175 2667; x_wconf 79' lang='lat' dir='ltr'>En</span> <span class='ocrx_word' id='word_1_346' title='bbox 1193 2631 1255 2671; x_wconf 88' lang='lat' dir='ltr'>toto</span> <span class='ocrx_word' id='word_1_347' title='bbox 1273 2616 1319 2669; x_wconf 88' lang='lat' dir='ltr'>filo</span> <span class='ocrx_word' id='word_1_348' title='bbox 1338 2633 1365 2670; x_wconf 87' lang='lat' dir='ltr'>et</span> <span class='ocrx_word' id='word_1_349' title='bbox 1385 2617 1478 2671; x_wconf 86' lang='lat' dir='ltr'>coloro</span> 
     </span>
     <span class='ocr_line' id='line_1_32' title="bbox 152 2678 1545 2759; baseline 0.01 -27"><span class='ocrx_word' id='word_1_350' title='bbox 152 2678 236 2735; x_wconf 76' lang='lat' dir='ltr'>facile</span> <span class='ocrx_word' id='word_1_351' title='bbox 262 2698 304 2736; x_wconf 91' lang='lat' dir='ltr'>est</span> <span class='ocrx_word' id='word_1_352' title='bbox 330 2682 466 2751; x_wconf 75' lang='lat' dir='ltr'>divinare,</span> <span class='ocrx_word' id='word_1_353' title='bbox 490 2684 634 2759; x_wconf 85' lang='lat' dir='ltr'>desumpta</span> <span class='ocrx_word' id='word_1_354' title='bbox 658 2687 727 2741; x_wconf 81' lang='lat' dir='ltr'>haee</span> <span class='ocrx_word' id='word_1_355' title='bbox 749 2696 864 2741; x_wconf 78' lang='lat' dir='ltr'>esse&#39;ex</span> <span class='ocrx_word' id='word_1_356' title='bbox 886 2690 969 2759; x_wconf 75' lang='lat' dir='ltr'>poita</span> <span class='ocrx_word' id='word_1_357' title='bbox 987 2686 1107 2758; x_wconf 84' lang='lat' dir='ltr'>quodem</span> <span class='ocrx_word' id='word_1_358' title='bbox 1128 2695 1222 2744; x_wconf 81' lang='lat' dir='ltr'>veteri.</span> <span class='ocrx_word' id='word_1_359' title='bbox 1262 2692 1315 2746; x_wconf 86' lang='lat' dir='ltr'>Pro</span> <span class='ocrx_word' id='word_1_360' title='bbox 1334 2702 1481 2745; x_wconf 83' lang='lat' dir='ltr'>reuertens</span> <span class='ocrx_word' id='word_1_361' title='bbox 1539 2734 1545 2746; x_wconf 52' lang='lat' dir='ltr'>t</span> 
     </span>
    </p>
   </div>
   <div class='ocr_carea' id='block_1_5' title="bbox 152 2757 1584 2829">
    <p class='ocr_par' dir='ltr' id='par_1_5' title="bbox 152 2757 1584 2829">
     <span class='ocr_line' id='line_1_33' title="bbox 152 2757 1584 2829; baseline 0.01 -21"><span class='ocrx_word' id='word_1_362' title='bbox 152 2757 241 2810; x_wconf 81' lang='lat' dir='ltr'>codex</span> <span class='ocrx_word' id='word_1_363' title='bbox 267 2775 362 2811; x_wconf 87' lang='lat' dir='ltr'>noster</span> <span class='ocrx_word' id='word_1_364' title='bbox 388 2766 525 2814; x_wconf 81' lang='lat' dir='ltr'>recentior</span> <span class='ocrx_word' id='word_1_365' title='bbox 549 2779 692 2817; x_wconf 85' lang='lat' dir='ltr'>reverens.</span> <span class='ocrx_word' id='word_1_366' title='bbox 736 2760 820 2829; x_wconf 82' lang='lat' dir='ltr'>Vide,</span> <span class='ocrx_word' id='word_1_367' title='bbox 852 2778 888 2815; x_wconf 84' lang='lat' dir='ltr'>au</span> <span class='ocrx_word' id='word_1_368' title='bbox 914 2768 956 2817; x_wconf 90' lang='lat' dir='ltr'>sic</span> <span class='ocrx_word' id='word_1_369' title='bbox 983 2768 1051 2817; x_wconf 83' lang='lat' dir='ltr'>satis</span> <span class='ocrx_word' id='word_1_370' title='bbox 1078 2766 1223 2819; x_wconf 84' lang='lat' dir='ltr'>commode</span> <span class='ocrx_word' id='word_1_371' title='bbox 1248 2764 1283 2818; x_wconf 81' lang='lat' dir='ltr'>td</span> <span class='ocrx_word' id='word_1_372' title='bbox 1307 2768 1478 2823; x_wconf 82' lang='lat' dir='ltr'>Troebaicos</span> <span class='ocrx_word' id='word_1_373' title='bbox 1578 2800 1584 2811; x_wconf 58' lang='grc' dir='ltr'><strong><em>ι</em></strong></span> 
     </span>
    </p>
   </div>
   <div class='ocr_carea' id='block_1_6' title="bbox 144 2830 1477 4939">
    <p class='ocr_par' dir='ltr' id='par_1_6' title="bbox 152 2830 977 2906">
     <span class='ocr_line' id='line_1_34' title="bbox 152 2830 977 2906; baseline 0.002 -21"><span class='ocrx_word' id='word_1_374' title='bbox 152 2830 241 2905; x_wconf 77' lang='lat' dir='ltr'>redigi</span> <span class='ocrx_word' id='word_1_375' title='bbox 268 2850 385 2906; x_wconf 81' lang='lat' dir='ltr'>queant:</span> <span class='ocrx_word' id='word_1_376' title='bbox 973 2878 977 2887; x_wconf 78' lang='lat'><em>.</em></span> 
     </span>
    </p>

    <p class='ocr_par' dir='ltr' id='par_1_7' title="bbox 339 2909 1113 2983">
     <span class='ocr_line' id='line_1_35' title="bbox 339 2909 1113 2983; baseline 0.005 -22"><span class='ocrx_word' id='word_1_377' title='bbox 339 2910 496 2983; x_wconf 82' lang='lat' dir='ltr'>-Itaque</span> <span class='ocrx_word' id='word_1_378' title='bbox 518 2909 665 2975; x_wconf 83' lang='lat' dir='ltr'>dssbitans,</span> <span class='ocrx_word' id='word_1_379' title='bbox 689 2915 937 2983; x_wconf 86' lang='lat' dir='ltr'>circumspectans,</span> <span class='ocrx_word' id='word_1_380' title='bbox 959 2910 1113 2979; x_wconf 74' lang='lat' dir='ltr'>haesitans,</span> 
     </span>
    </p>

    <p class='ocr_par' dir='ltr' id='par_1_8' title="bbox 339 2984 1301 3059">
     <span class='ocr_line' id='line_1_36' title="bbox 339 2984 1301 3059; baseline 0.007 -24"><span class='ocrx_word' id='word_1_381' title='bbox 339 2984 436 3036; x_wconf 88' lang='lat' dir='ltr'>Multa</span> <span class='ocrx_word' id='word_1_382' title='bbox 455 2986 579 3037; x_wconf 76' lang='lat' dir='ltr'>atlversa</span> <span class='ocrx_word' id='word_1_383' title='bbox 599 3004 746 3053; x_wconf 78' lang='lat' dir='ltr'>reverens,</span> <span class='ocrx_word' id='word_1_384' title='bbox 773 2995 914 3059; x_wconf 82' lang='lat' dir='ltr'>tamquam</span> <span class='ocrx_word' id='word_1_385' title='bbox 933 2992 1008 3040; x_wconf 84' lang='lat' dir='ltr'>ratis</span> <span class='ocrx_word' id='word_1_386' title='bbox 1025 2994 1057 3041; x_wconf 88' lang='lat' dir='ltr'>in</span> <span class='ocrx_word' id='word_1_387' title='bbox 1073 2995 1207 3044; x_wconf 86' lang='lat' dir='ltr'>immenso</span> <span class='ocrx_word' id='word_1_388' title='bbox 1225 2996 1301 3042; x_wconf 87' lang='lat' dir='ltr'>mari</span> 
     </span>
    </p>

    <p class='ocr_par' dir='ltr' id='par_1_9' title="bbox 150 3059 1477 3653">
     <span class='ocr_line' id='line_1_37' title="bbox 338 3059 788 3114; baseline 0.011 -4"><span class='ocrx_word' id='word_1_389' title='bbox 338 3060 450 3111; x_wconf 83' lang='lat' dir='ltr'>Nostra</span> <span class='ocrx_word' id='word_1_390' title='bbox 467 3059 580 3113; x_wconf 83' lang='lat' dir='ltr'>vebitur</span> <span class='ocrx_word' id='word_1_391' title='bbox 599 3068 675 3114; x_wconf 87' lang='lat' dir='ltr'>ratio</span> <span class='ocrx_word' id='word_1_392' title='bbox 693 3091 732 3105; x_wconf 90' lang='lat'><em>-</em></span> <span class='ocrx_word' id='word_1_393' title='bbox 748 3090 788 3104; x_wconf 93' lang='lat'><em>-</em></span> 
     </span>
     <span class='ocr_line' id='line_1_38' title="bbox 151 3130 1477 3211; baseline 0.006 -28"><span class='ocrx_word' id='word_1_394' title='bbox 151 3130 199 3184; x_wconf 86' lang='lat' dir='ltr'>ubi</span> <span class='ocrx_word' id='word_1_395' title='bbox 219 3150 351 3184; x_wconf 84' lang='lat' dir='ltr'>reverens</span> <span class='ocrx_word' id='word_1_396' title='bbox 370 3150 475 3188; x_wconf 85' lang='lat' dir='ltr'>vetuste</span> <span class='ocrx_word' id='word_1_397' title='bbox 494 3154 544 3208; x_wconf 85' lang='lat' dir='ltr'>pso</span> <span class='ocrx_word' id='word_1_398' title='bbox 564 3146 708 3188; x_wconf 84' lang='lat' dir='ltr'>metuens:</span> <span class='ocrx_word' id='word_1_399' title='bbox 730 3152 760 3190; x_wconf 91' lang='lat' dir='ltr'>ut</span> <span class='ocrx_word' id='word_1_400' title='bbox 776 3137 923 3190; x_wconf 80' lang='lat' dir='ltr'>Terentius</span> <span class='ocrx_word' id='word_1_401' title='bbox 942 3136 1237 3211; x_wconf 75' lang='lat' dir='ltr'>[lborm.2,1,5.]:</span> <span class='ocrx_word' id='word_1_402' title='bbox 1263 3140 1358 3205; x_wconf 85' lang='lat' dir='ltr'>„Non</span> <span class='ocrx_word' id='word_1_403' title='bbox 1373 3141 1477 3192; x_wconf 87' lang='lat' dir='ltr'>simul-</span> 
     </span>
     <span class='ocr_line' id='line_1_39' title="bbox 150 3211 1475 3287; baseline 0.008 -28"><span class='ocrx_word' id='word_1_404' title='bbox 150 3216 245 3273; x_wconf 26' lang='lat' dir='ltr'>tatem·</span> <span class='ocrx_word' id='word_1_405' title='bbox 259 3226 349 3259; x_wconf 83' lang='lat' dir='ltr'>meam</span> <span class='ocrx_word' id='word_1_406' title='bbox 367 3212 657 3277; x_wconf 58' lang='lat' dir='ltr'>revererisaltenti&#39;ff</span> <span class='ocrx_word' id='word_1_407' title='bbox 680 3211 764 3265; x_wconf 78' lang='lat' dir='ltr'>Ratio</span> <span class='ocrx_word' id='word_1_408' title='bbox 784 3229 877 3265; x_wconf 85' lang='lat' dir='ltr'>autem</span> <span class='ocrx_word' id='word_1_409' title='bbox 898 3230 961 3267; x_wconf 93' lang='lat' dir='ltr'>cum</span> <span class='ocrx_word' id='word_1_410' title='bbox 982 3213 1118 3271; x_wconf 86' lang='lat' dir='ltr'>Lambino</span> <span class='ocrx_word' id='word_1_411' title='bbox 1137 3214 1212 3287; x_wconf 73' lang='lat' dir='ltr'>lege,</span> <span class='ocrx_word' id='word_1_412' title='bbox 1233 3232 1291 3269; x_wconf 88' lang='lat' dir='ltr'>non</span> <span class='ocrx_word' id='word_1_413' title='bbox 1312 3221 1421 3281; x_wconf 85' lang='lat' dir='ltr'>oratto,</span> <span class='ocrx_word' id='word_1_414' title='bbox 1445 3233 1475 3270; x_wconf 89' lang='lat' dir='ltr'>ut</span> 
     </span>
     <span class='ocr_line' id='line_1_40' title="bbox 151 3281 1474 3362; baseline 0.01 -29"><span class='ocrx_word' id='word_1_415' title='bbox 151 3281 233 3334; x_wconf 87' lang='lat' dir='ltr'>codd.</span> <span class='ocrx_word' id='word_1_416' title='bbox 256 3283 366 3336; x_wconf 83' lang='lat' dir='ltr'>habent.</span> <span class='ocrx_word' id='word_1_417' title='bbox 406 3286 476 3338; x_wconf 87' lang='lat' dir='ltr'>Nam</span> <span class='ocrx_word' id='word_1_418' title='bbox 498 3284 650 3341; x_wconf 87' lang='lat' dir='ltr'>dementis</span> <span class='ocrx_word' id='word_1_419' title='bbox 670 3292 729 3341; x_wconf 81' lang='lat' dir='ltr'>scie</span> <span class='ocrx_word' id='word_1_420' title='bbox 749 3304 824 3341; x_wconf 83' lang='lat' dir='ltr'>nunc</span> <span class='ocrx_word' id='word_1_421' title='bbox 844 3292 916 3360; x_wconf 78' lang='lat' dir='ltr'>agit,</span> <span class='ocrx_word' id='word_1_422' title='bbox 942 3306 1011 3362; x_wconf 84' lang='lat' dir='ltr'>quae</span> <span class='ocrx_word' id='word_1_423' title='bbox 1032 3288 1079 3342; x_wconf 91' lang='lat' dir='ltr'>diu</span> <span class='ocrx_word' id='word_1_424' title='bbox 1100 3289 1315 3362; x_wconf 85' lang='lat' dir='ltr'>contemplando</span> <span class='ocrx_word' id='word_1_425' title='bbox 1334 3290 1474 3346; x_wconf 81' lang='lat' dir='ltr'>hebescit:</span> 
     </span>
     <span class='ocr_line' id='line_1_41' title="bbox 150 3357 1475 3438; baseline 0.01 -31"><span class='ocrx_word' id='word_1_426' title='bbox 150 3373 233 3427; x_wconf 82' lang='lat' dir='ltr'>quam</span> <span class='ocrx_word' id='word_1_427' title='bbox 257 3358 293 3409; x_wconf 88' lang='lat' dir='ltr'>ob</span> <span class='ocrx_word' id='word_1_428' title='bbox 318 3373 430 3411; x_wconf 86' lang='lat' dir='ltr'>causam</span> <span class='ocrx_word' id='word_1_429' title='bbox 456 3357 533 3432; x_wconf 81' lang='lat' dir='ltr'>(nota</span> <span class='ocrx_word' id='word_1_430' title='bbox 553 3360 590 3418; x_wconf 79' lang='grc' dir='ltr'>τὸ</span> <span class='ocrx_word' id='word_1_431' title='bbox 608 3360 714 3437; x_wconf 75' lang='lat' dir='ltr'>itaque)</span> <span class='ocrx_word' id='word_1_432' title='bbox 738 3368 816 3415; x_wconf 86' lang='lat' dir='ltr'>ratio</span> <span class='ocrx_word' id='word_1_433' title='bbox 838 3379 932 3417; x_wconf 84' lang='lat' dir='ltr'>nostra</span> <span class='ocrx_word' id='word_1_434' title='bbox 952 3362 1077 3429; x_wconf 85' lang='lat' dir='ltr'>dubitat,</span> <span class='ocrx_word' id='word_1_435' title='bbox 1102 3365 1229 3418; x_wconf 85' lang='lat' dir='ltr'>haesitat.</span> <span class='ocrx_word' id='word_1_436' title='bbox 1266 3366 1303 3419; x_wconf 85' lang='lat' dir='ltr'>Et</span> <span class='ocrx_word' id='word_1_437' title='bbox 1323 3382 1475 3438; x_wconf 79' lang='lat' dir='ltr'>praetereo,</span> 
     </span>
     <span class='ocr_line' id='line_1_42' title="bbox 151 3436 1472 3586; baseline 0.009 -29"><span class='ocrx_word' id='word_1_438' title='bbox 151 3449 175 3485; x_wconf 60' lang='lat' dir='ltr'><em>u</em></span> <span class='ocrx_word' id='word_1_439' title='bbox 196 3436 1199 3586; x_wconf 37' lang='lat' dir='ltr'>pq}hvleqnqltmqqzuqqqmaqqeqqqnmfllalqttteqttthslergaqaepmqelgqpoqm</span> <span class='ocrx_word' id='word_1_440' title='bbox 1226 3512 1339 3569; x_wconf 88' lang='lat' dir='ltr'>codices</span> <span class='ocrx_word' id='word_1_441' title='bbox 1365 3533 1472 3583; x_wconf 82' lang='lat' dir='ltr'>omnes,</span> 
     </span>
     <span class='ocr_line' id='line_1_43' title="bbox 150 3583 375 3653; baseline 0.004 -18"><span class='ocrx_word' id='word_1_442' title='bbox 150 3590 203 3641; x_wconf 79' lang='lat' dir='ltr'>aest</span> <span class='ocrx_word' id='word_1_443' title='bbox 220 3583 254 3633; x_wconf 81' lang='lat' dir='ltr'>eb</span> <span class='ocrx_word' id='word_1_444' title='bbox 273 3584 375 3653; x_wconf 83' lang='lat' dir='ltr'>aliqua.</span> 
     </span>
    </p>

    <p class='ocr_par' dir='ltr' id='par_1_10' title="bbox 146 3659 1472 3937">
     <span class='ocr_line' id='line_1_44' title="bbox 226 3659 1471 3736; baseline 0.006 -25"><span class='ocrx_word' id='word_1_445' title='bbox 226 3659 329 3711; x_wconf 72' lang='lat' dir='ltr'>*Can</span> <span class='ocrx_word' id='word_1_446' title='bbox 350 3659 462 3713; x_wconf 79' lang='lat' dir='ltr'>xxxi.</span> <span class='ocrx_word' id='word_1_447' title='bbox 489 3660 640 3711; x_wconf 88' lang='lat' dir='ltr'>Sccernere</span> <span class='ocrx_word' id='word_1_448' title='bbox 659 3668 752 3714; x_wconf 82' lang='lat' dir='ltr'>autern</span> <span class='ocrx_word' id='word_1_449' title='bbox 770 3680 789 3713; x_wconf 90' lang='lat' dir='ltr'>a</span> <span class='ocrx_word' id='word_1_450' title='bbox 804 3679 921 3732; x_wconf 87' lang='lat' dir='ltr'>corpore</span> <span class='ocrx_word' id='word_1_451' title='bbox 936 3667 1077 3729; x_wconf 69' lang='lat' dir='ltr'>smmum,</span> <span class='ocrx_word' id='word_1_452' title='bbox 1101 3670 1310 3736; x_wconf 83' lang='lat' dir='ltr'>necquicquam</span> <span class='ocrx_word' id='word_1_453' title='bbox 1324 3666 1406 3720; x_wconf 83' lang='lat' dir='ltr'>alissd</span> <span class='ocrx_word' id='word_1_454' title='bbox 1419 3681 1471 3732; x_wconf 89' lang='lat' dir='ltr'>est,</span> 
     </span>
     <span class='ocr_line' id='line_1_45' title="bbox 149 3733 1472 3810; baseline 0.009 -29"><span class='ocrx_word' id='word_1_455' title='bbox 149 3749 230 3802; x_wconf 80' lang='lat' dir='ltr'>quarn</span> <span class='ocrx_word' id='word_1_456' title='bbox 250 3739 339 3784; x_wconf 88' lang='lat' dir='ltr'>emori</span> <span class='ocrx_word' id='word_1_457' title='bbox 356 3733 474 3803; x_wconf 80' lang='lat' dir='ltr'>discere]</span> <span class='ocrx_word' id='word_1_458' title='bbox 502 3738 525 3788; x_wconf 73' lang='lat' dir='ltr'>A</span> <span class='ocrx_word' id='word_1_459' title='bbox 545 3735 681 3791; x_wconf 81' lang='lat' dir='ltr'>veteribus</span> <span class='ocrx_word' id='word_1_460' title='bbox 701 3734 807 3790; x_wconf 89' lang='lat' dir='ltr'>duobus</span> <span class='ocrx_word' id='word_1_461' title='bbox 826 3742 929 3790; x_wconf 78' lang='lat' dir='ltr'>nostrIs</span> <span class='ocrx_word' id='word_1_462' title='bbox 946 3736 1046 3792; x_wconf 80' lang='lat' dir='ltr'>absunt</span> <span class='ocrx_word' id='word_1_463' title='bbox 1061 3739 1133 3793; x_wconf 83' lang='lat' dir='ltr'>EST</span> <span class='ocrx_word' id='word_1_464' title='bbox 1149 3741 1279 3810; x_wconf 73' lang='lat' dir='ltr'><strong>QUAM:</strong></span> <span class='ocrx_word' id='word_1_465' title='bbox 1303 3742 1374 3796; x_wconf 92' lang='lat' dir='ltr'>unde</span> <span class='ocrx_word' id='word_1_466' title='bbox 1394 3758 1472 3795; x_wconf 85' lang='lat' dir='ltr'>certo</span> 
     </span>
     <span class='ocr_line' id='line_1_46' title="bbox 149 3806 1471 3881; baseline 0.007 -21"><span class='ocrx_word' id='word_1_467' title='bbox 149 3806 369 3876; x_wconf 84' lang='lat' dir='ltr'>emendandum,</span> <span class='ocrx_word' id='word_1_468' title='bbox 399 3827 449 3862; x_wconf 88' lang='lat' dir='ltr'>nec</span> <span class='ocrx_word' id='word_1_469' title='bbox 475 3815 617 3881; x_wconf 78' lang='lat' dir='ltr'>quicquam</span> <span class='ocrx_word' id='word_1_470' title='bbox 639 3811 720 3863; x_wconf 88' lang='lat' dir='ltr'>aliud</span> <span class='ocrx_word' id='word_1_471' title='bbox 739 3820 783 3863; x_wconf 89' lang='lat' dir='ltr'>est</span> <span class='ocrx_word' id='word_1_472' title='bbox 803 3817 878 3864; x_wconf 88' lang='lat' dir='ltr'>mori</span> <span class='ocrx_word' id='word_1_473' title='bbox 899 3811 1015 3867; x_wconf 83' lang='lat' dir='ltr'>ds&#39;scere.</span> <span class='ocrx_word' id='word_1_474' title='bbox 1051 3814 1081 3868; x_wconf 83' lang='grc' dir='ltr'><em>Ε</em></span> <span class='ocrx_word' id='word_1_475' title='bbox 1099 3819 1160 3869; x_wconf 82' lang='lat' dir='ltr'>vice</span> <span class='ocrx_word' id='word_1_476' title='bbox 1182 3815 1252 3869; x_wconf 83' lang='lat' dir='ltr'>EST</span> <span class='ocrx_word' id='word_1_477' title='bbox 1273 3822 1304 3870; x_wconf 91' lang='lat' dir='ltr'>in</span> <span class='ocrx_word' id='word_1_478' title='bbox 1324 3818 1407 3871; x_wconf 86' lang='lat' dir='ltr'><strong>MSS.</strong></span> <span class='ocrx_word' id='word_1_479' title='bbox 1429 3831 1471 3870; x_wconf 89' lang='lat' dir='ltr'>est</span> 
     </span>
     <span class='ocr_line' id='line_1_47' title="bbox 146 3883 320 3937; baseline -0.011 -1"><span class='ocrx_word' id='word_1_480' title='bbox 146 3883 320 3937; x_wconf 74' lang='lat' dir='ltr'>tralaticium.</span> 
     </span>
    </p>

    <p class='ocr_par' dir='ltr' id='par_1_11' title="bbox 147 3930 1472 4088">
     <span class='ocr_line' id='line_1_48' title="bbox 222 3930 1472 4032; baseline 0.006 -22"><span class='ocrx_word' id='word_1_481' title='bbox 222 3956 338 4012; x_wconf 68' lang='lat' dir='ltr'>*ibid</span> <span class='ocrx_word' id='word_1_482' title='bbox 357 3930 436 4010; x_wconf 73' lang='lat' dir='ltr'>datis</span> <span class='ocrx_word' id='word_1_483' title='bbox 450 3958 559 4029; x_wconf 79' lang='lat' dir='ltr'>qssitiesn</span> <span class='ocrx_word' id='word_1_484' title='bbox 575 3965 653 4011; x_wconf 87' lang='lat' dir='ltr'>tuin</span> <span class='ocrx_word' id='word_1_485' title='bbox 668 3960 876 4032; x_wconf 77' lang='lat' dir='ltr'>Consolatione]</span> <span class='ocrx_word' id='word_1_486' title='bbox 895 3962 991 4017; x_wconf 82' lang='lat' dir='ltr'>Nostri</span> <span class='ocrx_word' id='word_1_487' title='bbox 1007 3960 1062 4017; x_wconf 91' lang='lat' dir='ltr'>duo</span> <span class='ocrx_word' id='word_1_488' title='bbox 1077 3979 1181 4019; x_wconf 81' lang='lat' dir='ltr'>veteres</span> <span class='ocrx_word' id='word_1_489' title='bbox 1198 3969 1371 4032; x_wconf 80' lang='lat' dir='ltr'>concinnius,</span> <span class='ocrx_word' id='word_1_490' title='bbox 1391 3966 1472 4018; x_wconf 86' lang='lat' dir='ltr'>Satis</span> 
     </span>
     <span class='ocr_line' id='line_1_49' title="bbox 147 4033 320 4088; baseline 0.029 -5"><span class='ocrx_word' id='word_1_491' title='bbox 147 4041 180 4088; x_wconf 84' lang='lat' dir='ltr'>tu</span> <span class='ocrx_word' id='word_1_492' title='bbox 219 4033 320 4088; x_wconf 83' lang='lat' dir='ltr'>uidem.</span> 
     </span>
    </p>

    <p class='ocr_par' dir='ltr' id='par_1_12' title="bbox 144 4053 1470 4939">
     <span class='ocr_line' id='line_1_50' title="bbox 201 4053 1470 4182; baseline 0.006 -21"><span class='ocrx_word' id='word_1_493' title='bbox 201 4053 317 4162; x_wconf 61' lang='lat' dir='ltr'>qlbid)</span> <span class='ocrx_word' id='word_1_494' title='bbox 341 4108 444 4163; x_wconf 80' lang='lat' dir='ltr'>Veniet</span> <span class='ocrx_word' id='word_1_495' title='bbox 461 4116 568 4181; x_wconf 88' lang='lat' dir='ltr'>tempus</span> <span class='ocrx_word' id='word_1_496' title='bbox 583 4105 744 4182; x_wconf 86' lang='lat' dir='ltr'>(moriendi)</span> <span class='ocrx_word' id='word_1_497' title='bbox 760 4116 789 4161; x_wconf 91' lang='lat' dir='ltr'>et</span> <span class='ocrx_word' id='word_1_498' title='bbox 803 4109 911 4181; x_wconf 76' lang='lat' dir='ltr'>quidem</span> <span class='ocrx_word' id='word_1_499' title='bbox 924 4112 1070 4172; x_wconf 73' lang='lat' dir='ltr'>celeritert</span> <span class='ocrx_word' id='word_1_500' title='bbox 1091 4120 1120 4166; x_wconf 89' lang='lat' dir='ltr'>et</span> <span class='ocrx_word' id='word_1_501' title='bbox 1135 4118 1195 4166; x_wconf 84' lang='lat' dir='ltr'>sive</span> <span class='ocrx_word' id='word_1_502' title='bbox 1211 4114 1390 4180; x_wconf 82' lang='lat' dir='ltr'>retractabis,</span> <span class='ocrx_word' id='word_1_503' title='bbox 1409 4120 1470 4168; x_wconf 82' lang='lat' dir='ltr'>sive</span> 
     </span>
     <span class='ocr_line' id='line_1_51' title="bbox 146 4183 1469 4262; baseline 0.006 -26"><span class='ocrx_word' id='word_1_504' title='bbox 146 4183 324 4259; x_wconf 80' lang='lat' dir='ltr'>properabis:</span> <span class='ocrx_word' id='word_1_505' title='bbox 345 4184 427 4235; x_wconf 83' lang='lat' dir='ltr'>volat</span> <span class='ocrx_word' id='word_1_506' title='bbox 443 4189 517 4235; x_wconf 88' lang='lat' dir='ltr'>enim</span> <span class='ocrx_word' id='word_1_507' title='bbox 535 4184 628 4256; x_wconf 90' lang='lat' dir='ltr'>aetas]</span> <span class='ocrx_word' id='word_1_508' title='bbox 654 4185 738 4238; x_wconf 80' lang='lat' dir='ltr'>Recte</span> <span class='ocrx_word' id='word_1_509' title='bbox 755 4185 867 4256; x_wconf 85' lang='lat' dir='ltr'>quidem</span> <span class='ocrx_word' id='word_1_510' title='bbox 883 4205 958 4240; x_wconf 89' lang='lat' dir='ltr'>nuuc</span> <span class='ocrx_word' id='word_1_511' title='bbox 972 4186 1052 4259; x_wconf 79' lang='lat' dir='ltr'>vulgo</span> <span class='ocrx_word' id='word_1_512' title='bbox 1069 4186 1159 4240; x_wconf 84' lang='lat' dir='ltr'>editur</span> <span class='ocrx_word' id='word_1_513' title='bbox 1177 4190 1364 4242; x_wconf 78' lang='lat' dir='ltr'>retractabisi</span> <span class='ocrx_word' id='word_1_514' title='bbox 1384 4208 1469 4262; x_wconf 89' lang='lat' dir='ltr'>quum</span> 
     </span>
     <span class='ocr_line' id='line_1_52' title="bbox 145 4257 1470 4335; baseline 0.005 -20"><span class='ocrx_word' id='word_1_515' title='bbox 145 4276 252 4315; x_wconf 85' lang='lat' dir='ltr'>veteres</span> <span class='ocrx_word' id='word_1_516' title='bbox 277 4258 413 4313; x_wconf 87' lang='lat' dir='ltr'>editiones</span> <span class='ocrx_word' id='word_1_517' title='bbox 441 4274 468 4311; x_wconf 91' lang='lat' dir='ltr'>et</span> <span class='ocrx_word' id='word_1_518' title='bbox 496 4257 606 4313; x_wconf 84' lang='lat' dir='ltr'>codices</span> <span class='ocrx_word' id='word_1_519' title='bbox 632 4259 737 4332; x_wconf 84' lang='lat' dir='ltr'>aliquot</span> <span class='ocrx_word' id='word_1_520' title='bbox 767 4264 867 4333; x_wconf 86' lang='lat' dir='ltr'>scripti</span> <span class='ocrx_word' id='word_1_521' title='bbox 892 4261 1053 4315; x_wconf 82' lang='lat' dir='ltr'>retardabis</span> <span class='ocrx_word' id='word_1_522' title='bbox 1084 4261 1244 4318; x_wconf 83' lang='lat' dir='ltr'>habuerint:</span> <span class='ocrx_word' id='word_1_523' title='bbox 1276 4263 1349 4335; x_wconf 89' lang='lat' dir='ltr'>quod</span> <span class='ocrx_word' id='word_1_524' title='bbox 1373 4281 1470 4321; x_wconf 85' lang='lat' dir='ltr'>uatum</span> 
     </span>
     <span class='ocr_line' id='line_1_53' title="bbox 144 4334 1470 4414; baseline 0.005 -24"><span class='ocrx_word' id='word_1_525' title='bbox 144 4334 255 4390; x_wconf 71' lang='lat' dir='ltr'>uidetur</span> <span class='ocrx_word' id='word_1_526' title='bbox 275 4354 308 4388; x_wconf 76' lang='lat' dir='ltr'>ex</span> <span class='ocrx_word' id='word_1_527' title='bbox 326 4334 374 4387; x_wconf 85' lang='lat' dir='ltr'>illo</span> <span class='ocrx_word' id='word_1_528' title='bbox 394 4334 481 4387; x_wconf 85' lang='lat' dir='ltr'>altero</span> <span class='ocrx_word' id='word_1_529' title='bbox 495 4334 677 4406; x_wconf 81' lang='lat' dir='ltr'>properabis,</span> <span class='ocrx_word' id='word_1_530' title='bbox 699 4339 743 4388; x_wconf 88' lang='lat' dir='ltr'>cui</span> <span class='ocrx_word' id='word_1_531' title='bbox 765 4335 874 4389; x_wconf 83' lang='lat' dir='ltr'>scilicet</span> <span class='ocrx_word' id='word_1_532' title='bbox 893 4342 1063 4391; x_wconf 84' lang='lat' dir='ltr'>contrarium</span> <span class='ocrx_word' id='word_1_533' title='bbox 1085 4352 1112 4390; x_wconf 88' lang='lat' dir='ltr'>et</span> <span class='ocrx_word' id='word_1_534' title='bbox 1131 4335 1295 4396; x_wconf 70' lang='grc' dir='ltr'><em>ἀντίθετον</em></span> <span class='ocrx_word' id='word_1_535' title='bbox 1312 4339 1470 4414; x_wconf 86' lang='lat' dir='ltr'>ponendum</span> 
     </span>
     <span class='ocr_line' id='line_1_54' title="bbox 144 4408 1470 4489; baseline 0.003 -24"><span class='ocrx_word' id='word_1_536' title='bbox 144 4409 289 4469; x_wconf 78' lang='lat' dir='ltr'>videbatur</span> <span class='ocrx_word' id='word_1_537' title='bbox 307 4409 478 4463; x_wconf 81' lang='lat' dir='ltr'>retardabis.</span> <span class='ocrx_word' id='word_1_538' title='bbox 518 4409 648 4471; x_wconf 86' lang='lat' dir='ltr'>Ceterum</span> <span class='ocrx_word' id='word_1_539' title='bbox 668 4428 724 4463; x_wconf 87' lang='lat' dir='ltr'>uno</span> <span class='ocrx_word' id='word_1_540' title='bbox 744 4411 827 4463; x_wconf 81' lang='lat' dir='ltr'>verbo</span> <span class='ocrx_word' id='word_1_541' title='bbox 846 4408 965 4466; x_wconf 85' lang='lat' dir='ltr'>leltciter</span> <span class='ocrx_word' id='word_1_542' title='bbox 984 4416 1130 4478; x_wconf 86' lang='lat' dir='ltr'>restituto,</span> <span class='ocrx_word' id='word_1_543' title='bbox 1154 4411 1189 4465; x_wconf 90' lang='lat' dir='ltr'>de</span> <span class='ocrx_word' id='word_1_544' title='bbox 1209 4411 1296 4467; x_wconf 85' lang='lat' dir='ltr'>altero</span> <span class='ocrx_word' id='word_1_545' title='bbox 1314 4431 1372 4470; x_wconf 84' lang='lat' dir='ltr'>erat</span> <span class='ocrx_word' id='word_1_546' title='bbox 1392 4421 1470 4489; x_wconf 77' lang='lat' dir='ltr'>cogi·</span> 
     </span>
     <span class='ocr_line' id='line_1_55' title="bbox 146 4483 1469 4556; baseline 0.002 -15"><span class='ocrx_word' id='word_1_547' title='bbox 146 4484 272 4542; x_wconf 85' lang='lat' dir='ltr'>tandum.</span> <span class='ocrx_word' id='word_1_548' title='bbox 311 4484 386 4553; x_wconf 88' lang='lat' dir='ltr'>Quid</span> <span class='ocrx_word' id='word_1_549' title='bbox 409 4490 483 4536; x_wconf 85' lang='lat' dir='ltr'>enim</span> <span class='ocrx_word' id='word_1_550' title='bbox 507 4501 548 4538; x_wconf 86' lang='lat' dir='ltr'>est</span> <span class='ocrx_word' id='word_1_551' title='bbox 563 4486 731 4556; x_wconf 77' lang='lat' dir='ltr'>properabis</span> <span class='ocrx_word' id='word_1_552' title='bbox 748 4483 782 4539; x_wconf 85' lang='lat' dir='ltr'>sd</span> <span class='ocrx_word' id='word_1_553' title='bbox 804 4489 940 4539; x_wconf 75' lang='lat' dir='ltr'>mortem?</span> <span class='ocrx_word' id='word_1_554' title='bbox 962 4486 1017 4539; x_wconf 90' lang='lat' dir='ltr'>boc</span> <span class='ocrx_word' id='word_1_555' title='bbox 1037 4501 1111 4540; x_wconf 85' lang='lat' dir='ltr'>certe</span> <span class='ocrx_word' id='word_1_556' title='bbox 1131 4503 1172 4540; x_wconf 90' lang='lat' dir='ltr'>est</span> <span class='ocrx_word' id='word_1_557' title='bbox 1193 4486 1373 4544; x_wconf 76' lang='lat' dir='ltr'>voluntariam</span> <span class='ocrx_word' id='word_1_558' title='bbox 1393 4508 1469 4544; x_wconf 84' lang='lat' dir='ltr'>ntor-</span> 
     </span>
     <span class='ocr_line' id='line_1_56' title="bbox 146 4558 1467 4633; baseline 0.004 -17"><span class='ocrx_word' id='word_1_559' title='bbox 146 4578 204 4619; x_wconf 88' lang='lat' dir='ltr'>tem</span> <span class='ocrx_word' id='word_1_560' title='bbox 228 4577 291 4614; x_wconf 88' lang='lat' dir='ltr'>ante</span> <span class='ocrx_word' id='word_1_561' title='bbox 313 4561 386 4612; x_wconf 88' lang='lat' dir='ltr'>diem</span> <span class='ocrx_word' id='word_1_562' title='bbox 410 4559 463 4613; x_wconf 89' lang='lat' dir='ltr'>sibi</span> <span class='ocrx_word' id='word_1_563' title='bbox 487 4575 638 4614; x_wconf 83' lang='lat' dir='ltr'>arcessere:</span> <span class='ocrx_word' id='word_1_564' title='bbox 667 4558 740 4632; x_wconf 89' lang='lat' dir='ltr'>quod</span> <span class='ocrx_word' id='word_1_565' title='bbox 761 4559 813 4612; x_wconf 89' lang='lat' dir='ltr'>boc</span> <span class='ocrx_word' id='word_1_566' title='bbox 837 4563 899 4633; x_wconf 87' lang='lat' dir='ltr'>ipso</span> <span class='ocrx_word' id='word_1_567' title='bbox 921 4560 984 4613; x_wconf 90' lang='lat' dir='ltr'>luco</span> <span class='ocrx_word' id='word_1_568' title='bbox 1007 4577 1104 4614; x_wconf 86' lang='lat' dir='ltr'>auctor</span> <span class='ocrx_word' id='word_1_569' title='bbox 1124 4578 1264 4633; x_wconf 79' lang='lat' dir='ltr'>tamquam</span> <span class='ocrx_word' id='word_1_570' title='bbox 1286 4565 1416 4623; x_wconf 88' lang='lat' dir='ltr'>illicitum</span> <span class='ocrx_word' id='word_1_571' title='bbox 1439 4581 1467 4621; x_wconf 92' lang='lat' dir='ltr'>et</span> 
     </span>
     <span class='ocr_line' id='line_1_57' title="bbox 144 4632 1468 4710; baseline 0.001 -18"><span class='ocrx_word' id='word_1_572' title='bbox 144 4635 283 4692; x_wconf 73' lang='lat' dir='ltr'>nefarium</span> <span class='ocrx_word' id='word_1_573' title='bbox 304 4633 425 4689; x_wconf 82' lang='lat' dir='ltr'>damnat.</span> <span class='ocrx_word' id='word_1_574' title='bbox 450 4634 539 4705; x_wconf 83' lang='lat' dir='ltr'>Quid</span> <span class='ocrx_word' id='word_1_575' title='bbox 559 4639 642 4709; x_wconf 79' lang='lat' dir='ltr'>etgoi</span> <span class='ocrx_word' id='word_1_576' title='bbox 663 4632 790 4707; x_wconf 88' lang='lat' dir='ltr'>equidem</span> <span class='ocrx_word' id='word_1_577' title='bbox 806 4636 1001 4710; x_wconf 77' lang='lat' dir='ltr'>corrigendum</span> <span class='ocrx_word' id='word_1_578' title='bbox 1022 4652 1106 4709; x_wconf 86' lang='lat' dir='ltr'>puto,</span> <span class='ocrx_word' id='word_1_579' title='bbox 1127 4644 1188 4689; x_wconf 84' lang='lat' dir='ltr'>sive</span> <span class='ocrx_word' id='word_1_580' title='bbox 1204 4641 1390 4705; x_wconf 84' lang='lat' dir='ltr'>retractabis,</span> <span class='ocrx_word' id='word_1_581' title='bbox 1407 4647 1468 4693; x_wconf 83' lang='lat' dir='ltr'>sive</span> 
     </span>
     <span class='ocr_line' id='line_1_58' title="bbox 145 4709 1468 4785; baseline 0.005 -21"><span class='ocrx_word' id='word_1_582' title='bbox 145 4710 462 4765; x_wconf 80' lang='lat' dir='ltr'><em>OBTEMPERABIS:</em></span> <span class='ocrx_word' id='word_1_583' title='bbox 488 4709 561 4781; x_wconf 89' lang='lat' dir='ltr'>quod</span> <span class='ocrx_word' id='word_1_584' title='bbox 585 4716 608 4765; x_wconf 85' lang='lat' dir='ltr'>si</span> <span class='ocrx_word' id='word_1_585' title='bbox 632 4714 828 4784; x_wconf 87' lang='lat' dir='ltr'>compendiose</span> <span class='ocrx_word' id='word_1_586' title='bbox 852 4727 880 4765; x_wconf 89' lang='lat' dir='ltr'>et</span> <span class='ocrx_word' id='word_1_587' title='bbox 906 4729 970 4765; x_wconf 87' lang='lat' dir='ltr'>cum</span> <span class='ocrx_word' id='word_1_588' title='bbox 992 4714 1012 4766; x_wconf 86' lang='lat' dir='ltr'>P</span> <span class='ocrx_word' id='word_1_589' title='bbox 1034 4720 1126 4783; x_wconf 87' lang='lat' dir='ltr'>optep.</span> <span class='ocrx_word' id='word_1_590' title='bbox 1146 4716 1307 4785; x_wconf 84' lang='lat' dir='ltr'>scripseris,</span> <span class='ocrx_word' id='word_1_591' title='bbox 1335 4733 1410 4770; x_wconf 86' lang='lat' dir='ltr'>more</span> <span class='ocrx_word' id='word_1_592' title='bbox 1438 4722 1468 4771; x_wconf 92' lang='lat' dir='ltr'>in</span> 
     </span>
     <span class='ocr_line' id='line_1_59' title="bbox 144 4785 1467 4860; baseline 0.002 -20"><span class='ocrx_word' id='word_1_593' title='bbox 144 4788 283 4842; x_wconf 78' lang='lat' dir='ltr'>veteribus</span> <span class='ocrx_word' id='word_1_594' title='bbox 314 4785 393 4839; x_wconf 89' lang='lat' dir='ltr'>libris</span> <span class='ocrx_word' id='word_1_595' title='bbox 424 4802 553 4860; x_wconf 87' lang='lat' dir='ltr'>recepto,</span> <span class='ocrx_word' id='word_1_596' title='bbox 585 4791 730 4839; x_wconf 86' lang='lat' dir='ltr'>minimum</span> <span class='ocrx_word' id='word_1_597' title='bbox 763 4787 931 4841; x_wconf 84' lang='lat' dir='ltr'>aberraverit</span> <span class='ocrx_word' id='word_1_598' title='bbox 954 4803 969 4838; x_wconf 78' lang='lat' dir='ltr'>a</span> <span class='ocrx_word' id='word_1_599' title='bbox 991 4785 1101 4859; x_wconf 73' lang='lat' dir='ltr'>vulgata</span> <span class='ocrx_word' id='word_1_600' title='bbox 1126 4787 1256 4842; x_wconf 83' lang='lat' dir='ltr'>lectione.</span> <span class='ocrx_word' id='word_1_601' title='bbox 1299 4789 1467 4845; x_wconf 82' lang='lat' dir='ltr'>Retractare</span> 
     </span>
     <span class='ocr_line' id='line_1_60' title="bbox 144 4861 1468 4939; baseline 0.005 -22"><span class='ocrx_word' id='word_1_602' title='bbox 144 4880 236 4917; x_wconf 89' lang='lat' dir='ltr'>autem</span> <span class='ocrx_word' id='word_1_603' title='bbox 256 4878 283 4916; x_wconf 89' lang='lat' dir='ltr'>et</span> <span class='ocrx_word' id='word_1_604' title='bbox 303 4861 495 4934; x_wconf 82' lang='lat' dir='ltr'>obtemperare</span> <span class='ocrx_word' id='word_1_605' title='bbox 511 4878 576 4917; x_wconf 85' lang='lat' dir='ltr'>sunt</span> <span class='ocrx_word' id='word_1_606' title='bbox 591 4862 673 4936; x_wconf 81' lang='lat' dir='ltr'>plane</span> <span class='ocrx_word' id='word_1_607' title='bbox 688 4861 839 4919; x_wconf 83' lang='lat' dir='ltr'>antitheta:</span> <span class='ocrx_word' id='word_1_608' title='bbox 862 4878 890 4919; x_wconf 85' lang='lat' dir='ltr'>et</span> <span class='ocrx_word' id='word_1_609' title='bbox 912 4866 1049 4918; x_wconf 83' lang='lat' dir='ltr'>sententia</span> <span class='ocrx_word' id='word_1_610' title='bbox 1071 4868 1192 4937; x_wconf 69' lang='lat' dir='ltr'>exsurgit</span> <span class='ocrx_word' id='word_1_611' title='bbox 1211 4869 1365 4939; x_wconf 81' lang='lat' dir='ltr'>aptissime.</span> <span class='ocrx_word' id='word_1_612' title='bbox 1401 4869 1468 4923; x_wconf 83' lang='lat' dir='ltr'>bio·</span> 
     </span>
    </p>
   </div>
   <div class='ocr_carea' id='block_1_7' title="bbox 197 4938 1087 5022">
    <p class='ocr_par' dir='ltr' id='par_1_13' title="bbox 197 4938 1087 5022">
     <span class='ocr_line' id='line_1_61' title="bbox 197 4938 1087 5022; baseline -0.007 -17"><span class='ocrx_word' id='word_1_613' title='bbox 197 4961 266 5022; x_wconf 52' lang='lat' dir='ltr'>etan.</span> <span class='ocrx_word' id='word_1_614' title='bbox 280 4964 367 5006; x_wconf 64' lang='lat' dir='ltr'>rua</span> <span class='ocrx_word' id='word_1_615' title='bbox 975 5002 980 5007; x_wconf 79' lang='grc'><strong>,</strong></span> <span class='ocrx_word' id='word_1_616' title='bbox 1048 4938 1087 5000; x_wconf 81' lang='lat' dir='ltr'>li</span> 
     </span>
    </p>
   </div>
   <div class='ocr_carea' id='block_1_8' title="bbox 0 0 1696 5359">
    <p class='ocr_par' dir='ltr' id='par_1_14' title="bbox 0 0 1696 5359">
     <span class='ocr_line' id='line_1_62' title="bbox 0 0 1696 5359; baseline 0 0"><span class='ocrx_word' id='word_1_617' title='bbox 0 0 1696 5359; x_wconf 95' lang='lat' dir='ltr'> </span> 
     </span>
    </p>
   </div>
  </div>
 </body>
</html>
