3384 5359
226 269 300 370 ιιι
661 299 892 370 uantum
915 304 1131 374 annum).

232 443 268 498 sd
289 442 505 513 fecunditstem,
527 462 610 518 quum
630 444 811 500 barbararum
834 445 984 499 mulierum
1007 444 1123 500 desidia.
1161 448 1235 520 Ergo
1258 463 1288 501 tu
1310 464 1374 502 cum
1396 445 1567 502 doctissimo

234 520 367 576 Turnebo
379 522 571 593 fertilitatem
590 523 638 574 hic
649 538 707 648 pro
725 521 807 589 luxu,
831 519 941 575 deliciis
961 538 988 575 et
1008 540 1099 576 rerum
1119 522 1288 576 abnndantia
1308 528 1421 597 accipis.
1462 527 1566 578 Verum

235 595 281 649 ille
303 602 362 651 sine
385 613 499 651 auctore
520 597 575 650 hoc
598 615 647 671 pro
661 613 717 660 επις
748 612 780 651 tu
802 615 890 650 unum
913 595 1044 667 advocas,
1073 598 1120 652 sed
1141 603 1186 651 oui
1209 604 1263 671 ipsi
1286 617 1354 673 opus
1374 614 1416 653 est
1439 598 1496 656 alic
1517 598 1570 652 ad·

234 688 343 740 vocato,
365 672 508 726 Sedulium
529 673 578 740 iv,
600 682 642 730 10.

719 745 722 750 ’
793 746 839 798 Sic
858 745 937 798 dives
955 752 1048 817 opima

460 822 620 874 Fertilitate
639 827 756 873 tumens*
766 829 875 873 tenuem
895 841 950 873 non
965 828 1058 893 possit
1076 822 1155 874 adire

461 898 597 950 Caelestis
613 902 696 965 regni
713 897 857 948 ducentem
876 897 916 948 ad
932 900 1030 949 tintina
1048 899 1154 950 callem.

234 973 291 1029 Ubi
314 987 360 1027 sut
382 969 460 1025 valde
486 969 660 1038 fruemur
690 971 769 1044 plane
793 988 920 1036 constat,
950 992 1005 1025 non
1034 991 1125 1026 rerum
1152 970 1339 1039 affluentiam,
1365 970 1413 1025 sed
1437 979 1565 1046 corporis

235 1049 398 1103 obesitatem
417 1051 527 1100 notari:
551 1046 623 1100 unde
643 1047 809 1100 crediderim
830 1052 915 1102 etiam
933 1047 1036 1101 Sednlii
1057 1049 1149 1101 lotum
1171 1056 1200 1102 in
1219 1048 1318 1106 mendo
1337 1048 1447 1101 cubare.
1485 1050 1566 1118 Quid

235 1131 259 1180 si
284 1125 427 1176 Altilitote
454 1125 615 1194 scripserit?
647 1138 710 1176 nam
737 1124 894 1175 attiiisest
916 1129 1043 1195 opimus,
1061 1123 1190 1188 obesus,
1218 1112 1368 1196 saginatus.
1415 1125 1564 1196 Utcunque

235 1203 291 1258 boc
313 1206 368 1266 sit,
393 1214 468 1251 certe
490 1217 578 1269 neque
602 1198 722 1253 obesitas
749 1199 816 1250 huic
835 1199 949 1270 Tragici
976 1198 1040 1252 loco
1062 1204 1209 1268 conuenit,
1238 1217 1323 1271 quum
1342 1205 1483 1273 oppositio
1503 1217 1564 1252 nou

236 1291 313 1330 recte
336 1272 474 1348 procedat.
514 1274 543 1328 st
567 1274 677 1344 quidem
699 1276 839 1328 Lacaenae
862 1271 982 1327 feminae
1010 1274 1045 1327 ob
1072 1279 1130 1346 ipsa
1158 1275 1204 1328 illa
1223 1280 1354 1328 exercitia
1375 1276 1564 1349 corpulentio-

236 1368 280 1405 res
308 1366 334 1403 et
359 1348 507 1402 habiliores
530 1364 609 1401 erant
636 1349 713 1410 aliis}
744 1347 816 1401 unde
840 1349 950 1403 Atticae
973 1347 1150 1403 mulierculae
1175 1356 1216 1403 sic
1240 1351 1407 1424 Spartanam
1429 1354 1564 1425 Lampeto

236 1425 424 1500 compellant,
446 1429 475 1477 in
494 1423 687 1497 Aristophanis
708 1426 871 1498 Lysistrata,

459 1499 517 1583 'sie'
531 1497 556 1558 δ’
583 1498 732 1584 support&
754 1520 794 1563 ως
811 1494 843 1556 δὲ
865 1501 984 1577 σφριγᾷ
1002 1494 1040 1556 τὸ
1060 1497 1153 1578 σῶμά
1171 1515 1242 1582 pov·

466 1577 536 1644 Κᾲν
554 1577 672 1651 ταῦρον
692 1593 808 1651 αγχοις.

242 1649 352 1721 Quibus
377 1649 424 1703 illa
447 1648 639 1703 habitudinem
665 1655 791 1723 corporis
816 1647 982 1703 mirantibus
1005 1664 1115 1703 causam
1136 1645 1244 1716 reddit,
1270 1645 1343 1719 quod
1369 1664 1399 1702 se
1427 1647 1563 1724 pslaestra

240 1744 269 1783 et
291 1727 365 1781 salto
386 1729 534 1793 exerceret,

791 1795 880 1877 μάλα
899 1793 977 1892 yp'tp,
1002 1797 1074 1866 οἴω,
1100 1793 1153 1855 ναὶ
1171 1792 1237 1866 σιὼ,

463 1867 686 1951 Ημνάὸδομαί
702 1891 760 1950 yn,
783 1870 839 1929 καὶ
857 1892 928 1929 nore
945 1876 1046 1950 πυγᾶν
1065 1868 1208 1948 ἅλλομαι.

237 1948 314 2021 Quid
337 1951 440 2023 lglturl
463 1949 557 2000 haeret
579 1948 626 2000 bic
647 1964 731 2019 aqua;
753 1963 780 2000 et
800 1947 975 2009 tentandum,
997 1952 1113 2020 opinor,
1134 1963 1175 2001 est
1195 1943 1299 2019 aliquid
1319 1950 1411 2017 potius
1431 1962 1512 2018 quam
1534 1964 1563 2003 ut

237 2026 429 2080 Librariorum
453 2026 594 2095 mancipia
616 2028 717 2075 simus:
749 2037 777 2076 et
803 2022 937 2094 quidquid
958 2022 1151 2087 deliraverint,
1181 2021 1245 2076 albo
1270 2021 1379 2074 calculo
1405 2023 1562 2096 probemus.

159 2097 165 2115 '
240 2091 325 2169 Vide,
347 2117 382 2154 au
404 2104 446 2154 sic
465 2101 608 2169 scripserit
627 2099 709 2170 podia
728 2095 775 2150 illc
794 2099 943 2169 Tragicus:

462 2171 560 2245 Qreibu'
581 2173 667 2242 magi
684 2172 849 2244 palaestra,
871 2172 995 2235 Eurota,
1018 2173 1076 2233 soi,
1096 2172 1207 2243 pulvis,
1229 2169 1317 2235 labos,

462 2247 619 2301 DUthih
637 2248 731 2299 studio
751 2256 811 2313 est,
837 2266 919 2318 petam
938 2246 1135 2300 iuilhths
1154 2247 1293 2299 barbara,

237 2328 274 2382 Et
294 2322 405 2397 quidem
424 2323 544 2376 Duritia
561 2326 702 2396 sptissime
723 2328 870 2375 convenire
889 2320 1012 2388 videtur,
1034 2337 1065 2374 ut
1084 2326 1129 2373 vir
1147 2322 1244 2374 melius
1263 2319 1346 2374 luerit
1367 2320 1561 2391 quaerendum.

236 2402 340 2457 Noster
361 2399 445 2452 Tusc.
466 2402 498 2463 V,
520 2400 565 2457 56.
603 2396 843 2450 Exercitationem
863 2397 1135 2474 consuetudinemque
1153 2396 1298 2468 patiendi,
1317 2406 1471 2469 praecepta
1483 2396 1561 2468 for·
1616 2405 1626 2422 ⁴

237 2476 385 2541 titudinis,
413 2472 549 2526 duritiam
571 2476 694 2527 virilem.
741 2475 772 2526 lu
796 2473 842 2524 illa
866 2473 951 2526 altera
977 2477 1165 2536 correctione,
1195 2488 1229 2525 an
1256 2488 1307 2524 acu
1330 2488 1389 2524 rem
1413 2477 1561 2545 tetigerint,

236 2558 343 2606 nescio.
381 2549 444 2605 Non
470 2548 548 2601 video
569 2564 679 2614 tamen,
702 2552 770 2620 quin
790 2547 945 2601 umbratilis
966 2549 1012 2600 illa
1033 2553 1088 2600 vito
1105 2545 1297 2611 barbararum,
1320 2562 1347 2600 et
1367 2546 1486 2600 delicata
1505 2566 1561 2600 stn-

238 2627 283 2682 dia
306 2643 358 2679 acu
382 2624 513 2698 pingendi
543 2638 571 2675 et
597 2623 702 2677 formae
729 2623 875 2690 colendae,
906 2641 969 2677 curn
997 2640 1057 2677 toto
1085 2623 1188 2675 mundo
1212 2621 1340 2675 muliebri
1370 2639 1398 2677 et
1423 2623 1511 2676 stibio
1531 2639 1559 2676 et

239 2716 367 2765 cerussa,
393 2704 459 2753 satis
482 2699 630 2752 commode
645 2699 805 2771 futilitatis
829 2714 856 2752 et
879 2703 1008 2753 vanitatis
1034 2702 1144 2752 nomine
1170 2702 1364 2770 insigniuntur.
1403 2697 1475 2751 lllud
1502 2717 1561 2750 ter·

240 2783 381 2833 tissimum
400 2773 493 2826 studio
513 2783 571 2840 est,
590 2774 754 2848 legendum,
774 2792 831 2826 nou
850 2780 881 2825 in
898 2775 992 2825 studio
1008 2782 1066 2824 est:
1088 2770 1162 2845 quod
1181 2779 1239 2845 ipsa
1261 2774 1398 2825 insinuas
1417 2771 1561 2846 efflagitat,

238 2868 265 2908 st
289 2853 343 2907 boc
364 2850 534 2902 Lambinum
557 2848 657 2904 vidisse
679 2849 775 2903 video:
802 2849 849 2903 sed
869 2848 952 2903 surdo
976 2849 1124 2903 Gebhardo
1146 2846 1267 2901 fabulam
1289 2846 1428 2902 narrabat.

312 2928 394 2981 Cat.
406 2911 477 2979 XV.
504 2925 596 2976 Arma
612 2930 685 2976 enim
708 2924 831 2978 membra
849 2925 948 2975 militis
968 2942 1027 2975 esse
1049 2925 1162 2975 dirime.-
1187 2943 1256 2993 quae
1273 2921 1381 2994 peridem
1400 2929 1444 2974 ita
1462 2940 1560 2996 gerun-

238 3018 285 3058 tur
302 3010 385 3074 apte,
408 3009 440 3051 ut
459 3006 485 3051 si
503 3017 569 3050 tures
587 2998 676 3065 foret,
698 3001 816 3052 abiectis
834 3000 978 3063 oneribus,
1000 2999 1140 3070 expeditis
1157 3004 1262 3065 armis,
1285 3007 1317 3050 ut
1334 2998 1480 3058 membris,
1502 3017 1559 3069 pa-

238 3097 330 3149 gnare
350 3080 474 3147 possint]
501 3076 625 3128 Primum
649 3092 682 3127 ex
708 3073 806 3127 codice
837 3090 885 3127 tuo
908 3079 1017 3147 optimo
1044 3073 1232 3148 reponendum
1257 3090 1314 3139 ett,
1342 3077 1385 3123 ita
1406 3072 1559 3128 canunt·

215 3162 322 3224 ,aptes
348 3152 450 3204 milites
473 3150 598 3217 scilicet,
625 3159 656 3201 ut
674 3155 786 3222 possint
801 3167 950 3222 pugnare:
975 3150 1077 3221 alloqui
1100 3148 1244 3202 verborum
1267 3153 1440 3201 constructio
1466 3163 1560 3222 postu-

237 3227 323 3295 labit,
347 3242 376 3280 ut
397 3232 438 3279 sic
458 3231 596 3298 accipias,
619 3228 709 3277 Arma
729 3231 772 3276 ito
792 3234 931 3293 geruntur
949 3233 1014 3294 apte
1033 3233 1064 3276 ut
1081 3222 1183 3299 (artua)
1195 3230 1305 3295 possint
1316 3240 1466 3293 pugnare:
1487 3221 1558 3294 quod

237 3301 319 3374 longe
339 3301 576 3355 absurdissimum.
616 3299 723 3353 lieinde
743 3315 898 3373 temporum
918 3305 990 3353 ratio
1010 3298 1206 3367 conturbatur,
1227 3316 1256 3352 ut
1273 3305 1298 3350 si
1313 3316 1379 3349 rusus
1398 3296 1484 3356 toret.
1501 3317 1559 3367 pu·

238 3395 331 3447 gnare
354 3382 470 3449 possint.
509 3373 666 3429 Dicendum
690 3380 800 3447 utique:
827 3391 873 3427 aut
888 3380 917 3427 si
940 3391 1006 3426 usus
1017 3372 1133 3445 fuerit,
1156 3391 1202 3426 aut
1223 3379 1314 3446 potius
1334 3378 1360 3424 si
1377 3372 1558 3443 usresfirat:

238 3453 328 3525 quod,
361 3466 392 3504 ut
418 3452 471 3503 alia
500 3451 577 3523 plura
604 3467 673 3521 quae
700 3456 775 3525 prins
801 3454 859 3521 ipse
882 3466 1072 3518 correxeram,
1088 3444 1236 3503 ¹Lambina
1257 3454 1285 3502 iu
1308 3464 1429 3502 mentem
1454 3452 1558 3501 senisse

237 3529 393 3601 comperio:
415 3525 564 3580 Gebhardo
587 3542 725 3597 nunquam
748 3524 887 3579 audiente.
995 3568 998 3574 .

314 3598 403 3655 ibid.
434 3600 533 3652 Adbuc
555 3605 624 3671 pari
653 3607 748 3653 animo
774 3605 991 3652 inexercitatum
1014 3600 1147 3651 militem:
1175 3600 1274 3650 mulier
1292 3596 1443 3650 videbitur.
1482 3597 1557 3651 Cra?

237 3677 362 3731 Tantum
381 3680 501 3726 interest
520 3681 594 3726 inter
611 3694 714 3728 novum
732 3684 761 3727 et
778 3684 902 3728 ueterem
917 3680 1086 3740 exercitum,
1105 3683 1238 3746 qnantum
1254 3675 1484 3745 expertissimus]
1511 3675 1556 3725 sie

238 3769 349 3819 omnes,
375 3749 473 3816 eredo,
495 3748 648 3813 editionem
672 3767 800 3824 perquam
822 3755 925 3823 inepte.
964 3752 1103 3819 Quorsum
1124 3754 1199 3802 enim
1223 3748 1291 3803 illud
1310 3747 1387 3801 Curi
1412 3749 1495 3801 Certe
1516 3764 1558 3799 se-

237 3833 349 3901 quentia
372 3825 475 3880 nullam
499 3832 634 3878 rationem
659 3824 802 3895 reddunt,
820 3844 870 3877 eser
894 3826 991 3876 mulier
1013 3825 1155 3878 videatur.
1200 3823 1278 3877 Tolle
1305 3827 1390 3895 igitur
1415 3827 1557 3891 interpun-

239 3909 378 3969 ctionem,
409 3917 436 3955 et
463 3901 569 3954 scribe:
602 3901 659 3953 Cur·
684 3909 795 3952 tantum
816 3908 936 3952 interest
964 3906 1038 3951 inter
1065 3918 1168 3952 novum
1192 3908 1221 3950 et
1245 3907 1368 3951 veterem
1393 3903 1556 3962 exereitum,

237 3986 371 4050 quantum
392 3982 503 4049 experti
524 3976 638 4027 stemus?
669 3979 715 4029 cui
741 3975 898 4049 quaestioni
922 3979 1016 4030 statim
1042 3974 1236 4049 respondetur;
1267 3974 1322 4027 boc
1346 3972 1404 4026 fieri
1430 3979 1463 4024 vi
1486 3990 1556 4024 con-

235 4054 402 4180 sustuliblbld.
429 4126 504 4196 Quin
525 4130 610 4176 etiam
630 4123 758 4176 videmus
778 4143 816 4176 ee·
837 4131 896 4177 acie
919 4117 1016 4196 ffrri
1035 4143 1115 4196 saepe
1131 4128 1258 4185 saumas,-
1283 4129 1312 4175 et
1334 4121 1440 4193 quatem
1461 4121 1556 4173 rudem

237 4203 314 4255 illum
333 4211 361 4254 et
378 4205 597 4252 inexercitatum
612 4204 741 4269 quamvis
758 4198 810 4252 levi
828 4205 904 4266 lctu,
921 4201 1052 4272 ploratus
1068 4204 1245 4270 turpissimos
1261 4197 1353 4266 edere]
1380 4198 1486 4250 lterum
1503 4196 1555 4249 lert

236 4294 317 4350 opem
334 4294 361 4330 et
379 4276 495 4330 sulutem
512 4291 574 4327 tuus
591 4275 636 4327 ille
653 4274 748 4339 codex,
767 4277 814 4346 qui
830 4293 881 4347 pro
898 4277 955 4328 levi
969 4281 1027 4327 ictu
1044 4277 1090 4327 hic
1106 4273 1226 4340 exhibet,
1248 4273 1405 4325 Lavinia
1421 4272 1553 4325 icrunt.

235 4355 401 4406 verissime:
428 4367 491 4404 uem
512 4347 579 4402 illud
600 4345 739 4422 vulgs'tum
760 4350 803 4420 ab⁸
817 4352 997 4422 ambiguitate
1017 4350 1141 4415 laborat,
1165 4366 1192 4403 et
1214 4365 1270 4402 tam
1293 4353 1380 4401 lcturu
1401 4348 1553 4419 significare

235 4443 327 4503 potest
349 4443 404 4498 quo
430 4431 453 4479 is
472 4425 558 4478 alium
577 4421 659 4488 ferit,
679 4441 761 4497 mam
782 4441 837 4495 quo
858 4430 916 4500 ipse
936 4426 970 4477 ab
990 4425 1045 4478 alio
1063 4423 1171 4478 feritur.
1210 4425 1312 4478 Firmat
1332 4421 1553 4477 emendationem

235 4501 304 4558 illud
322 4502 405 4556 Tusc.
424 4503 469 4566 11,
488 4507 534 4557 20.
572 4498 617 4552 Tu
634 4513 754 4571 qnoque,
778 4500 880 4568 Ulixe,
899 4500 1072 4574 Quantpuam
1091 4505 1209 4575 grauiter
1226 4504 1365 4553 cernimus
1382 4503 1486 4554 ictum.
1508 4497 1553 4552 sn

235 4579 277 4634 De
294 4580 470 4633 lnveutlone:
489 4575 604 4628 Leviter
621 4579 740 4630 suiectus.

311 4650 402 4707 ibid.
429 4650 458 4703 0
476 4649 622 4713 Patrocle,
645 4648 686 4700 ad
701 4668 755 4702 vos
772 4649 926 4702 adueniens
944 4652 1090 4706 otacilium
1099 4659 1129 4703 et
1145 4658 1258 4702 vestras
1275 4665 1375 4699 munus
1388 4654 1466 4718 peta,

429 4725 595 4800 Brinsquam
614 4728 713 4794 oppeto
732 4725 834 4777 malam
851 4732 974 4796 pestem,
995 4725 1160 4778 mandatam
1177 4725 1273 4776 hostili
1291 4723 1387 4795 manu]

234 4804 336 4858 Peccss
360 4817 469 4853 rursum
492 4815 557 4852 cum
584 4799 779 4853 eruditissimis
802 4804 884 4863 viris,
911 4806 957 4872 qui
983 4799 1018 4853 sd
1041 4800 1179 4855 iambicos
1202 4803 1359 4854 octonarios
1384 4800 1453 4850 hsec
1479 4792 1550 4847 redi·

231 4893 317 4952 gunt,
339 4892 424 4951 qnos,
446 4889 477 4928 ut
498 4871 571 4946 diti,
591 4872 732 4947 tragoedis
752 4892 810 4929 nou
828 4880 940 4949 recipit.
977 4876 1034 4932 Nos
1058 4875 1093 4930 ad
1117 4879 1286 4951 septentrios
1306 4873 1478 4927 Trocbticos
1496 4874 1549 4924 sits
