3384 5359
238 284 302 353 lii)
753 284 1053 357 HOTTINGERI

239 429 427 501 morigeris.
463 427 588 483 Omnino
611 423 731 483 Bentleii
755 442 874 482 acumen
891 426 949 481 loci
967 423 1066 482 fefellit
1091 444 1203 495 ιιιιιιιι,
1229 427 1410 502 quiquidem
1431 428 1496 484 talis
1514 442 1569 483 cst:

239 521 367 575 euperem
386 501 509 575 equidem
526 512 688 574 utrumque,
708 517 735 556 ιι
754 502 864 557 scilicet
884 507 957 557 inter
976 503 1027 557 hos
1047 504 1082 556 de
1102 507 1189 558 animi
1208 520 1306 558 nature
1321 509 1482 559 sententiae
1500 502 1567 559 dtin-

239 580 352 646 dicare,
368 592 395 631 et
417 576 443 629 id
464 594 559 650 agere,
580 577 653 651 quod
672 593 731 631 erut
750 583 942 651 propositum,
962 595 993 632 ιιι
1013 578 1144 647 doceres,
1162 588 1281 632 mortem
1298 599 1354 633 non
1367 598 1431 632 esse
1451 581 1567 632 maur

239 655 292 708 sed
308 662 352 730 ιιι
370 650 494 724 difficile
513 647 583 708 haec
601 651 656 707 duo
675 650 866 724 confundere,
892 658 912 707 i.
932 647 964 707 ι.Ι
982 670 1036 707 una
1063 652 1250 727 disputatione
1276 660 1315 708 ita
1342 655 1513 728 complecti,
1538 670 1566 710 ιιι

240 728 276 783 ab
295 746 324 783 ιι
343 745 400 782 uon
418 732 474 781 sint
493 727 654 801 separanda.
691 730 765 801 Ergo
790 728 965 800 confundere
991 731 1122 783 Ciceroni
1148 730 1196 783 hic
1221 729 1295 783 idem
1321 746 1379 797 ert,
1407 728 1483 802 qnod
1507 730 1565 784 aliis

239 805 310 859 locis
328 802 417 869 dicit,
441 821 528 872 agere
546 802 678 874 confuse,
709 802 742 856 de
762 822 862 877 genere
881 804 1033 858 disserendi
1054 809 1168 858 minime
1188 810 1290 858 vitioso
1315 804 1452 878 loquerer
1481 821 1510 859 ιιι
1534 803 1565 858 de

239 882 305 937 Nat.
324 882 409 933 Dour.
429 879 487 943 ΙΙΙ,
508 886 534 940 8.
570 880 670 949 Itaque
689 893 736 950 req
754 886 877 932 maxime
896 885 1003 931 tacitae
1020 880 1247 952 praeterierunt,
1267 880 1301 932 de
1320 881 1517 946 divinatione,
1533 879 1564 932 de

232 954 325 1028 fato,·
345 954 441 1024 quibus
459 954 492 1004 de
511 954 718 1027 quaestiouibus
735 963 767 1005 tu
784 955 892 1025 quidem
909 961 1046 1021 strictim,
1065 960 1164 1008 nostri
1188 965 1281 1008 autem
1299 957 1391 1007 nutlta
1411 957 1503 1008 solent
1520 954 1564 1005 di·

239 1050 319 1089 cerer
338 1029 390 1081 sed
407 1028 443 1079 ab
462 1028 514 1081 leae
532 1034 709 1101 quaestione,
728 1048 798 1099 quae
817 1048 890 1082 nunc
909 1034 939 1080 itt
958 1030 1085 1083 monibus
1103 1039 1162 1095 est,
1182 1020 1368 1102 separantur.
1412 1032 1523 1100 Quare,
1539 1032 1564 1081 sl

238 1106 368 1172 uidetur,
387 1104 445 1156 noli
464 1122 551 1172 agere
570 1102 703 1175 conflue:
722 1113 754 1157 ut
773 1103 824 1157 lroc
842 1105 1012 1175 explicemus
1030 1101 1082 1157 ltae
1095 1105 1300 1176 disputatione,
1320 1105 1399 1175 quod
1414 1110 1561 1176 quaeritur.

240 1180 318 1237 Idem
338 1198 389 1254 pto
409 1180 438 1233 P.
459 1180 553 1234 Sextio
573 1181 610 1234 li.
628 1179 686 1232 Sed
701 1185 831 1250 quoniam
849 1182 971 1248 singuiis
989 1180 1150 1233 criminibus
1168 1187 1256 1235 ceteri
1274 1180 1501 1250 responderunt,
1519 1179 1563 1230 it.

239 1275 303 1310 cam
321 1274 376 1324 ego
402 1254 435 1305 de
454 1260 530 1306 omni
552 1263 632 1307 statu
649 1255 681 1309 Ρ.
700 1255 808 1322 Sextii,
827 1286 846 1298 -
864 1286 884 1299 -
902 1255 1138 1326 contendamque,
1164 1256 1289 1308 simodo
1312 1255 1346 1307 id
1363 1260 1497 1326 consequi
1511 1273 1561 1327 po-

239 1341 319 1396 tero,
341 1336 422 1383 utin
441 1327 493 1383 leuc
521 1329 643 1403 confiteo
666 1338 751 1403 atque
770 1335 905 1383 reuiuersa
923 1330 1088 1402 defensione
1113 1330 1186 1384 nilrii
1202 1350 1222 1383 a
1239 1350 1283 1383 me
1300 1362 1320 1375 -
1340 1363 1360 1376 -
1376 1335 1560 1402 praetermis·

238 1426 301 1460 sum
319 1424 378 1457 esse
397 1405 540 1460 videatur.
1503 1437 1509 1452 t

314 1482 394 1535 Car.
415 1482 505 1536 XVII.
531 1482 609 1533 Num
626 1486 720 1550 igitur
738 1479 915 1548 drtbitomus,
934 1500 989 1548 an,
1008 1486 1083 1533 sicut
1098 1482 1248 1554 pleraque,
1265 1485 1306 1533 sic
1324 1488 1354 1533 et
1372 1461 1458 1532 lton?x
1469 1497 1559 1550 quam·

237 1575 322 1630 qnam
340 1555 391 1610 lsoc
409 1547 519 1628 qriidem
538 1560 667 1609 minime:
681 1556 855 1627 persuadent
873 1562 947 1609 enim
965 1556 1171 1617 mathematici,
1192 1566 1299 1608 terram
1317 1560 1349 1607 in
1361 1554 1457 1607 medio
1470 1549 1559 1605 murlo

231 1638 324 1696 ‚sitam
342 1635 409 1700 ceu]
447 1631 539 1684 Facile
559 1635 694 1685 assentior
713 1631 856 1697 Boudeia,
882 1630 1045 1704 particulam
1065 1651 1102 1684 an
1128 1631 1241 1686 delenti.
1279 1631 1344 1685 Non
1371 1635 1444 1683 item
1464 1630 1503 1682 illi
1521 1644 1559 1681 ao·

156 1759 166 1774 ,
237 1707 352 1774 cedam,
374 1706 455 1760 verba
474 1714 543 1774 ista,
562 1723 726 1778 quamquam
741 1705 797 1759 'ltoc
815 1708 925 1779 quidem
940 1713 1068 1760 minime.-
1084 1707 1257 1781 persuadent
1270 1711 1343 1757 enim
1355 1705 1556 1768 mathematici,

236 1786 348 1837 uncinis
368 1780 535 1845 iucludenti,
562 1797 593 1834 ιιι
612 1786 755 1851 sequentia
775 1799 838 1836 curn
864 1782 1052 1856 superioribus
1073 1788 1114 1836 sio
1136 1787 1352 1854 coniungantur:
1380 1782 1461 1834 Num
1479 1786 1558 1848 igitur

238 1857 414 1923 dubitamus,
433 1865 541 1909 terram
559 1861 589 1908 iu
609 1857 699 1908 medio
718 1856 819 1909 mtmdo
838 1863 924 1910 sitam
943 1873 997 1911 cet.
1036 1860 1170 1928 Quamvis
1191 1862 1276 1928 igitur
1300 1857 1367 1910 olim
1397 1862 1473 1929 ipse,
1495 1873 1555 1909 non·

238 1932 381 1987 domnica
402 1933 472 1985 mihi
491 1930 610 1985 Bentleii
630 1930 883 1998 animadversione,
909 1932 1004 1986 locunt
1031 1937 1070 2010 ιιι
1096 1938 1131 1986 ἰιι
1149 1932 1274 1994 ordinem
1301 1932 1484 2004 redigendum
1501 1948 1556 1983 een·

237 2024 360 2068 sueramr
381 2023 473 2062 tamen
493 2023 603 2081 postea,
625 2012 779 2062 accuratius
801 2013 914 2080 cognito
934 2009 1077 2062 Ciceronis
1096 2026 1189 2073 more,
1216 2012 1335 2060 nnintutn
1354 2009 1435 2060 ultro
1455 2008 1555 2059 mutari.

236 2086 302 2141 Non
322 2089 413 2150 enim,
432 2087 456 2135 si
475 2083 580 2155 vulgari
599 2082 738 2137 scribendi
758 2085 952 2137 consuetudini
972 2088 1059 2157 tnagis
1079 2088 1245 2137 conveniens
1265 2100 1305 2136 est
1325 2082 1372 2135 ille
1396 2070 1481 2142 rutil.
1506 2094 1554 2133 rna-

236 2163 279 2234 gis
300 2164 383 2213 etiarn
403 2157 527 2212 habenda
548 2173 589 2211 ιιι
608 2159 802 2212 Ciceroniana.
841 2161 925 2231 Atqui
946 2157 1129 2231 deprehendi,
1159 2158 1284 2212 Tullium
1304 2174 1405 2230 saepe,
1434 2169 1553 2229 quaera-

237 2250 299 2290 ιιιιι
319 2250 400 2308 atque
419 2250 511 2288 severa
530 2231 669 2287 scribendi
689 2233 749 2305 lege
768 2250 831 2287 curn
853 2239 1045 2288 enuntiatione
1066 2239 1152 2306 priori
1173 2250 1250 2287 erant
1264 2238 1434 2298 coniuncta,
1454 2249 1482 2285 ea
1499 2245 1551 2284 cunt

235 2315 391 2385 posteriore
411 2310 517 2380 aliqua,
544 2327 601 2362 non
619 2314 679 2362 sine
699 2323 775 2383 grata
801 2308 920 2381 quadam
946 2313 1081 2363 sermonis
1107 2310 1291 2383 negligentia,
1320 2325 1478 2362 contexere.
1511 2305 1550 2358 Sic

235 2383 288 2441 inf.
309 2387 340 2441 C.
360 2389 406 2445 56.
444 2385 506 2435 Hoc
521 2384 702 2456 premendum
721 2389 808 2435 etiam
826 2393 908 2455 atque
927 2390 1014 2452 etiam
1027 2393 1071 2436 est
1083 2382 1295 2455 argumentum,
1313 2384 1347 2435 de
1362 2377 1433 2453 quo,
1451 2389 1476 2433 si
1487 2397 1550 2431 mor-

235 2461 310 2514 tales
329 2465 417 2514 animi
435 2468 516 2523 stent,
536 2458 665 2510 drrditare
683 2476 740 2511 non
755 2477 920 2533 possumus,
939 2465 1005 2530 quin
1023 2468 1122 2512 tantus
1140 2465 1274 2512 interitus
1290 2465 1321 2510 in
1339 2468 1432 2512 morte
1449 2464 1497 2519 sit,
1522 2459 1548 2505 tri

235 2554 271 2589 ne
290 2540 406 2588 minima
424 2535 532 2606 quidem
550 2538 668 2605 suspicio
687 2552 784 2586 sensus
802 2536 987 2606 relinquatur.
1024 2534 1079 2588 Ubi
1099 2535 1217 2608 vulgaris
1236 2539 1308 2587 ratio
1328 2539 1397 2587 item
1415 2537 1457 2587 sic
1469 2546 1549 2605 postu·

236 2610 327 2666 labat:
358 2609 536 2684 Confirmata
562 2610 611 2661 illo
636 2609 682 2684 (tle
708 2627 761 2681 quo
788 2609 919 2662 dubitare
937 2628 994 2662 non
1011 2617 1186 2681 possumus),
1214 2619 1244 2662 ιιι
1264 2618 1365 2662 tantus
1384 2608 1547 2661 interitusin

235 2695 327 2739 morte
345 2691 385 2738 sit
413 2701 466 2739 ιιι.
506 2687 547 2739 De
567 2687 661 2739 Dlvlu.
681 2686 721 2749 ii,
750 2688 793 2741 15.
822 2685 978 2738 Concedam
997 2685 1047 2737 lroe
1073 2691 1178 2756 ipsum,
1205 2690 1230 2737 si
1254 2691 1318 2745 uis5
1347 2691 1404 2737 etsi
1428 2695 1546 2751 magnam

235 2765 376 2815 iacturam
395 2778 497 2812 carane
507 2756 629 2829 fecero,
654 2764 681 2811 si
700 2759 785 2811 tellam
803 2778 862 2813 esse
881 2766 1106 2813 convenientiam
1130 2770 1252 2814 naturae
1270 2778 1332 2812 crem
1351 2765 1429 2812 extis
1447 2771 1546 2810 conca·

235 2855 310 2890 sero.
347 2836 389 2888 De
409 2833 492 2889 offic.
507 2836 546 2901 1.,
568 2843 611 2891 10.
651 2835 695 2887 Ne
713 2843 811 2887 noster
823 2835 933 2908 quidem
947 2836 1112 2908 probandus
1129 2845 1189 2901 est,
1209 2841 1236 2888 si
1251 2853 1350 2888 verum
1369 2844 1430 2900 est,
1451 2833 1481 2903 Q.
1496 2830 1545 2882 te·

236 2913 310 2964 bium
328 2910 531 2964 Labeonem—
543 2909 683 2962 arbitrum
701 2911 826 2962 Nolanis
842 2920 874 2964 et
890 2913 1090 2985 Neapolitanis
1102 2912 1136 2964 de
1147 2911 1258 2985 finibus
1272 2928 1292 2962 a
1304 2919 1407 2962 senatu
1419 2909 1545 2961 dutm-

235 3005 298 3041 aum
316 2991 440 3058 utrisque
459 2991 613 3057 separatim
632 2987 754 3038 locutum
774 3002 828 3040 cet.
887 3025 895 3036 .

312 3060 402 3116 ibid.
437 3061 469 3112 Si
493 3079 562 3112 uero
588 3067 640 3112 aut
663 3078 792 3112 numerus
816 3061 929 3133 quidam
952 3067 994 3115 sit
1013 3065 1123 3113 animus
1141 3087 1176 3104 ι·
1193 3090 1232 3103 -
1249 3068 1301 3112 aut
1320 3066 1420 3131 quinta
1437 3057 1483 3110 illa
1498 3067 1543 3105 m!

235 3143 383 3190 nominato
401 3140 508 3205 magis,
528 3154 611 3206 quam
629 3153 686 3187 non
704 3136 847 3188 intellecta
864 3146 989 3205 natura,
1009 3138 1096 3189 multo
1114 3142 1201 3188 etiam
1214 3142 1375 3204 integriora
1393 3136 1544 3204 asperiora

234 3220 302 3264 eunt
321 3216 386 3284 cet]
424 3213 569 3277 Davisius,
589 3209 662 3284 qnod
682 3228 767 3283 genus
786 3211 834 3265 hic
853 3229 910 3265 nou
930 3217 1106 3277 conveniret,
1132 3210 1237 3278 edidit,
1261 3216 1435 3280 integriores
1451 3221 1542 3275 oopu-

235 3293 346 3345 rioresr
371 3284 444 3358 qnod
469 3284 576 3339 fuctum
602 3287 765 3359 approbavit
789 3287 944 3342 Ernestius.
983 3288 1067 3343 Male.
1106 3287 1177 3340 Nam
1204 3291 1243 3340 ita
1262 3292 1370 3361 saepius
1390 3284 1542 3340 subruetur

234 3379 293 3416 non
312 3377 409 3427 neutra
429 3379 557 3415 neutrum
578 3378 662 3434 genus
683 3360 753 3414 solet
773 3366 915 3435 excipere:
944 3378 975 3416 ιιι
1000 3362 1033 3415 de
1059 3360 1123 3415 Nat.
1148 3362 1233 3415 Dect.
1260 3347 1328 3427 ll.,x
1344 3366 1392 3422 36.
1420 3350 1542 3428 Arqueli

235 3442 311 3490 tertii
329 3442 411 3505 ignes
438 3445 548 3510 tamque
567 3439 649 3489 multi
666 3454 724 3488 non
748 3436 831 3490 modo
860 3436 932 3489 nihil
959 3446 1061 3490 nocent
1090 3442 1177 3489 terris
1201 3433 1333 3507 rebusque
1361 3430 1539 3491 terrestribtu,

233 3512 286 3563 sed
302 3516 346 3564 ita
361 3520 496 3582 prosunt,
525 3519 572 3577 ut,
599 3518 625 3563 si
650 3519 728 3563 mota
752 3513 813 3565 loeo
836 3518 912 3578 sint,
936 3513 1118 3584 conflagrare
1139 3521 1235 3564 terras
1253 3529 1362 3564 necesse
1380 3518 1419 3562 sit
1436 3522 1485 3562 cet.
1507 3504 1540 3556 Dt

234 3590 329 3642 Distu.
351 3589 388 3651 l.,
410 3591 455 3644 52.
481 3586 589 3638 Earum
607 3593 680 3638 enim
698 3604 792 3638 rerum
811 3596 955 3659 utrumque
974 3607 994 3639 a
1012 3586 1096 3640 eorde
1111 3585 1266 3658 proficisci.
1305 3586 1416 3641 Sallust.
1435 3586 1487 3655 lug·
1502 3581 1539 3636 it·

233 3662 304 3716 Nox
322 3669 404 3733 utque
420 3660 531 3733 praedo
548 3667 707 3714 castrorum
718 3660 828 3732 leostes,
847 3681 900 3734 quo
913 3669 1005 3716 nunus
1016 3667 1140 3716 victoria
1152 3671 1314 3732 uterentur,
1332 3667 1471 3714 remorata
1478 3658 1540 3706 sunl·

234 3734 432 3793 (liconiam.
901 3769 907 3784 .

313 3813 363 3865 Cu
374 3830 396 3865 r.
416 3812 498 3865 XlX.
536 3809 631 3882 anue
649 3814 677 3863 ei
694 3812 803 3866 demtan
820 3812 965 3865 naturalis
983 3820 1027 3865 ssi
1045 3811 1140 3878 sedes,
1160 3831 1241 3885 quum
1259 3812 1299 3864 ad
1315 3817 1359 3864 sui
1371 3809 1483 3864 similem
1494 3820 1539 3874 pe·

234 3892 382 3953 netrouit,
409 3892 440 3938 iu
465 3904 517 3957 quo
543 3888 622 3938 nulla
647 3903 679 3937 re
703 3906 791 3957 egeres
812 3888 906 3940 aletur
933 3896 962 3940 et
989 3888 1194 3941 sustentabitur·
1222 3889 1435 3952 iuuenurebus,
1461 3878 1542 3954 quilttt

234 3972 316 4015 astra
334 3969 531 4013 statentnntur
550 3970 579 4013 et
597 3963 737 4036 uirtutum]
776 3965 837 4017 Duo
858 3979 922 4017 sunt
941 3968 971 4016 in
990 3963 1055 4016 loco
1075 3969 1149 4031 isto,
1173 3960 1208 4016 ad
1229 3980 1298 4037 quae
1317 3961 1447 4016 offendas.
1480 3955 1539 4010 ll¹¹¹¹

233 4042 263 4091 in
283 4055 349 4090 voce
368 4038 489 4114 similem
506 4035 600 4091 durius
621 4041 734 4090 otnnlno
753 4037 956 4093 substantivum
977 4044 1123 4092 reticetur:
1153 4057 1242 4111 neque
1269 4056 1421 4112 pronomen
1443 4049 1491 4106 qut
1511 4022 1539 4078 “l

234 4111 300 4183 qnid
320 4111 492 4166 relerendum
512 4117 570 4176 sit,
591 4109 672 4165 facile
693 4113 869 4182 intelligitur.
907 4115 980 4186 Ergo
994 4110 1141 4187 legendum
1154 4113 1278 4179 videtur,
1298 4119 1328 4165 in
1342 4132 1410 4183 qua,
1430 4127 1467 4164 so.
1479 4101 1539 4157 teli·

233 4189 287 4243 Pro
307 4190 423 4240 similem
442 4204 506 4239 reto
527 4204 643 4260 pronum
663 4192 700 4240 sit
718 4190 808 4260 legere
827 4190 925 4244 sintita.
964 4188 1019 4243 Sed
1038 4185 1111 4242 forte
1131 4205 1223 4243 totum
1243 4190 1350 4254 isthoc,
1369 4206 1446 4259 quum
1461 4180 1495 4234 ei
1503 4178 1539 4228 Μ’

232 4265 351 4316 similem
366 4269 546 4335 penetrauit,
567 4266 719 4317 insititiam
739 4261 917 4317 iudicandum
937 4279 988 4318 ert.
1016 4264 1112 4338 Neque
1132 4270 1207 4319 enim
1227 4269 1346 4317 nimium
1362 4264 1447 4337 placet
1459 4256 1538 4310 erdem

233 4335 369 4394 ren'tentia
390 4342 484 4413 paucis
504 4336 626 4391 versibus
647 4343 729 4393 toties
755 4343 867 4393 iterata:
896 4358 978 4410 quum
1003 4348 1136 4391 naturam
1160 4346 1205 4392 sui
1228 4341 1347 4391 similem
1371 4337 1501 4400 contingit
1514 4331 1538 4377 et

233 4419 412 4484 agnouit-
437 4431 520 4484 quum
542 4418 589 4464 sui
612 4415 729 4467 srirrilem
753 4422 785 4468 et
808 4416 954 4467 levitatem
979 4422 1008 4466 et
1026 4416 1149 4468 calorem
1167 4415 1287 4488 adeptus
1304 4423 1348 4467 est
1365 4443 1400 4457 -
1418 4425 1490 4485 quum
1505 4396 1538 4453 vll

232 4497 277 4543 sui
295 4489 413 4541 similem
429 4492 603 4559 penetravit.
799 4543 801 4547 ¹
1268 4485 1272 4500 '

307 4566 387 4618 Car.
407 4562 504 4618 xxti.
530 4564 621 4633 Quasi
637 4580 706 4616 vero
725 4562 905 4631 intelligant,
930 4566 1022 4636 qualis
1045 4570 1086 4619 sit
1104 4570 1135 4616 in
1151 4570 1214 4637 ipso
1232 4557 1349 4634 corpore
1369 4560 1490 4630 (anim)
1505 4575 1535 4593 ··

199 4645 202 4652 ’
232 4649 280 4708 ut,
303 4645 330 4691 si
348 4646 405 4694 iam
420 4647 539 4711 possent
557 4643 588 4710 ip
606 4637 715 4690 leontiae
734 4668 771 4682 -
789 4643 868 4689 cerni
892 4646 987 4691 omnia
1011 4660 1081 4712 quae
1099 4658 1172 4692 rusnc
1198 4649 1275 4693 tecta
1299 4646 1379 4706 sunt,
1407 4640 1534 4691 emerim

231 4721 263 4770 in
277 4711 456 4787 ¹&anspertum
474 4713 608 4765 uidentur
626 4720 693 4784 ceu]
733 4714 864 4768 Pearcius
885 4713 954 4767 illud
973 4724 1005 4767 ut
1025 4713 1090 4768 lerri
1110 4733 1190 4788 poste
1210 4730 1309 4787 negat,
1335 4731 1443 4788 propter
1464 4703 1534 4780 perti·

232 4790 308 4844 sulas
327 4809 361 4842 ne
381 4805 409 4844 ιι
428 4808 467 4841 au
486 4792 514 4841 in
535 4793 688 4862 posteriore
707 4793 862 4842 sententiae
882 4805 958 4862 parte
974 4796 1232 4845 occurrentesr¹cni
1246 4796 1395 4845 assentitur
1403 4783 1532 4843 Ernestiot,

229 4859 283 4939 ‘pro
302 4875 333 4918 ut
350 4865 394 4919 vel
413 4880 479 4919 cunr
498 4864 636 4921 Lambino
655 4872 722 4934 aut,
740 4862 783 4918 rel
801 4872 830 4916 et
849 4863 992 4938 legendum
1011 4870 1182 4922 existimans.
1220 4865 1275 4928 Sed
1293 4865 1364 4920 nihil
1381 4854 1530 4919 maulim·
