3384 5359
649 331 760 395 Pau.
783 330 849 394 lv.
893 327 935 392 C.
960 329 991 389 1.
1420 313 1479 385 187

151 473 340 546 fortunam,
374 467 547 532 virtutibus
574 468 710 553 deniquo
738 466 902 545 omnibus,
935 473 971 529 ut
992 463 1176 565 moenibus,
1199 472 1347 544 saeptus,
1371 458 1480 527 vince·

151 579 210 631 tut·
236 577 266 628 ct
290 563 546 649 expugnabitur,
571 562 637 648 'qui
660 585 697 628 ne
709 565 730 630 1,
747 562 872 626 civitate
895 560 1021 651 quidem
1046 557 1123 642 pelli
1148 556 1280 641 potest?
1317 558 1407 638 Quae
1433 560 1482 618 est

153 661 239 724 enim
265 656 401 723 civitas?
428 656 580 722 Omnisne
602 670 778 722 contentus
800 655 919 720 etiam³
940 653 1111 720 ferorum*
1132 662 1166 716 et
1185 648 1390 715 immanium?
1411 669 1481 713 om·
1520 642 1524 659 ’

153 753 246 817 nisus
269 753 364 816 etiam
385 750 595 836 fugitiuorum
618 772 656 829 ac
677 751 835 816 latronum
857 759 1057 834 congregata
1077 767 1173 810 uuum
1194 743 1226 809 in
1248 737 1375 809 locum⁵
1400 743 1480 809 mul·
1563 766 1567 779 ·

153 845 286 912 titudo?
317 844 415 912 Certe
436 845 582 931 negabis.
627 846 729 910 Ilon⁶
754 845 854 930 igitur
876 855 944 908 erat
965 842 1018 906 illa
1038 852 1102 904 tum
1121 837 1253 915 civitas,
1278 860 1372 922 quum
1391 837 1481 931 leges

152 939 187 1003 in
217 961 255 1003 ea
280 939 359 1003 uibil
388 939 554 1003 valebant:
583 962 680 1026 quum
699 939 813 1003 iudicia
839 939 1003 1002 iacebant:
1033 955 1130 1022 quum
1156 954 1225 998 mos
1248 932 1366 1023 patrius
1394 929 1481 997 occi-

154 1038 269 1097 derat:
291 1056 399 1118 quum,
417 1033 529 1098 serto¹
547 1032 649 1117 pulsis
665 1034 914 1118 magistratibus,
936 1033 1099 1107 'ssenatus
1116 1048 1233 1120 nomqn
1252 1025 1282 1089 in
1300 1021 1483 1108 republica
1558 1086 1562 1095 ,

155 1148 223 1192 non
247 1127 348 1189 crat⁸.
391 1126 593 1191 Praedonum
614 1126 666 1191 ille
688 1147 877 1203 concursus,
900 1137 943 1200 ct,
968 1135 999 1188 te
1021 1126 1112 1199 duce,
1136 1119 1335 1186 latrocinium
1355 1117 1386 1181 in
1404 1117 1481 1182 loro

139 1216 382 1295 -constitutum,
416 1230 448 1284 et
470 1219 623 1304 reliquiae
649 1222 878 1286 coniurationis
899 1243 916 1285 a
940 1216 1096 1284 Catilinae
1124 1215 1215 1280 iuriis
1240 1216 1387 1277 adinum
1412 1231 1483 1274 sce·

154 1315 207 1378 lus
226 1312 437 1398 furoremque
455 1334 650 1392 conversae,
675 1317 760 1401 non⁹
781 1314 895 1378 civitas
915 1324 996 1378 erat.
1041 1311 1094 1375 28.
1118 1311 1231 1395 ltaque
1242 1308 1270 1348 ¹⁰
1290 1306 1399 1390 pulsus
1418 1323 1482 1390 ago

151 1405 289 1473 civitate
310 1416 373 1470 non
395 1429 463 1471 stun
473 1409 520 1483 ¹¹,
556 1428 635 1491 quae
658 1409 782 1473 nulla¹²
807 1418 895 1472 erat:
930 1404 1139 1470 arcessitus¹³
1164 1404 1195 1467 is
1219 1401 1379 1466 civitatem
1400 1420 1480 1476 sum,

158 1522 258 1586 quum
282 1511 364 1564 esset
385 1500 415 1565 in
437 1523 473 1565 re
496 1502 621 1584 publica
643 1502 774 1579 consul,
800 1501 856 1586 qui
881 1511 945 1563 tum
968 1500 1073 1563 nullus
1089 1498 1215 1563 iuerat:
1240 1498 1328 1559 c'sset
1343 1504 1481 1583 senatus,

157 1597 218 1680 qni
245 1605 311 1656 tum
338 1593 517 1658 occiderat:
551 1606 637 1659 esset
658 1617 831 1660 consensus
854 1593 968 1680 populi
995 1592 1087 1658 liberi
1095 1594 1141 1657 ¹¹:
1176 1603 1259 1657 esset
1280 1590 1357 1679 ituris
1377 1600 1409 1653 et
1430 1608 1484 1652 ae·

160 1686 310 1774 quitatis,
345 1708 426 1770 quae
454 1687 577 1751 vincula
603 1702 675 1753 stmt
700 1688 856 1766 civitatis,
889 1687 1024 1774 repetita
1056 1687 1219 1754 memoria.
1274 1686 1363 1752 Ac¹³
1398 1682 1482 1762 vide,

160 1802 256 1867 quam
279 1780 338 1842 ista
363 1779 411 1843 tui
435 1780 595 1844 latrocinii
618 1783 680 1846 tela
705 1783 962 1867 contempserim.
1014 1783 1132 1847 lactum
1161 1793 1199 1846 et·
1215 1780 1383 1844 immissam
1409 1801 1427 1843 a
1452 1789 1485 1842 te

159 1874 313 1938 nefariam
341 1873 372 1936 iu
404 1895 452 1937 me
480 1873 624 1938 iniuriam
656 1874 782 1960 sempsi-
804 1877 900 1941 duxi:
937 1875 1161 1961 pervenisse¹¹
1185 1860 1227 1940 atl
1254 1894 1303 1938 me
1325 1892 1485 1957 nunquam

158 1969 290 2053 putavi:
326 1962 512 2046 nisi'forte,
545 1991 641 2055 quum
663 1971 800 2053 parietes
819 1971 1039 2047 disturbabas,
1075 1983 1128 2034 aut
1150 1967 1358 2054 quumtectis
1383 1966 1485 2030 scele-

160 2073 248 2126 ratas
271 2062 358 2127 iaces
383 2061 563 2140 inferebas,
599 2085 741 2127 meorum
769 2064 888 2150 aliquid
900 2066 925 2106 11
950 2085 1045 2128 rucre
1069 2074 1123 2127 aut
1149 2064 1328 2148 deflagrare
1342 2061 1484 2125 arbitra·

162 2159 254 2220 bare.
299 2157 353 2220 99.
383 2155 471 2219 Nihil
497 2178 600 2240 neque
620 2177 721 2235 meum
744 2170 808 2236 est,
846 2180 949 2244 neque
972 2157 1211 2243 cuiusqusmss,
1242 2158 1330 2244 quod
1351 2150 1482 2229 auferri,

166 2251 255 2335 quotl
277 2248 377 2341 eripi,
401 2252 488 2335 quotl
512 2250 612 2313 amitti
634 2263 754 2333 potest.
799 2252 836 2317 Si
861 2253 935 2315 mihi
955 2251 1125 2335 eripuisses
1147 2249 1283 2315 divinam
1306 2248 1399 2331 animi
1422 2246 1484 2311 tuci

160 2343 388 2422 constantiam,
419 2365 504 2408 meas
526 2366 640 2421 curas,
671 2344 816 2429 vigilias,
842 2345 999 2425 consilia,
1029 2346 1145 2432 quilius
1163 2365 1216 2410 res
1237 2341 1365 2427 publica
1387 2353 1418 2404 te
1436 2339 1485 2404 in·

160 2436 317 2502 vitissimo
339 2439 456 2515 stat¹¹¹3
480 2438 507 2503 si
527 2438 620 2503 huius
641 2438 763 2502 aeterni
788 2438 933 2502 beneficii
957 2439 1166 2504 immortalem
1191 2436 1374 2502 memoriam
1396 2433 1483 2498 dele·

160 2714 267 2765 iamin
288 2709 359 2776 vM.)
379 2708 450 2784 ,sed
470 2727 522 2763 nec
542 2709 639 2777 rebrat,
665 2729 718 2766 nec
738 2712 895 2765 rationibus
913 2714 1077 2763 necessarus
1095 2723 1187 2783 potest
1207 2707 1327 2782 probari.
1372 2706 1486 2761 Glosse-

158 2800 236 2841 mata
255 2787 301 2838 bic
315 2784 402 2838 latent
417 2785 633 2857 inextricabilia.
672 2786 760 2856 Quod·
773 2793 796 2840 ti
813 2788 879 2840 licet
898 2789 940 2840 bis
957 2784 1087 2840 omnibus
1105 2783 1270 2857 subiungere
1286 2784 1485 2838 diuinationem

159 2861 298 2932 aliquam,
317 2862 557 2949 iocfxeogtuut
577 2866 695 2917 amiens:
715 2862 766 2914 sed
782 2865 936 2915 dementem
955 2871 983 2914 et
1000 2867 1130 2913 insanum
1148 2859 1256 2920 dicam,-
1274 2858 1405 2910 addicam
1424 2871 1485 2927 ag-

158 2942 247 2991 nutis.
284 2934 375 2988 Verbo
388 2935 478 2986 dicam
491 2952 571 3008 aegre
585 2952 707 2992 caremus
724 2937 758 2990 ad
778 2937 924 3012 praecedd.
963 2937 1024 3004 ,Ut
1044 2951 1170 3009 praetor,
1190 2935 1316 2988 addicam
1336 2950 1377 3000 ts,
1396 2931 1485 2986 furio·

159 3030 240 3075 sum,
260 3016 366 3082 agnatis
387 3015 475 3064 tuis.”
515 3015 615 3066 Parum
635 3012 832 3086 probabiliter,
853 3011 945 3075 dicen
965 3027 992 3065 et
1013 3011 1105 3066 obstat
1118 3010 1281 3076 Terens.
1320 3008 1395 3062 Alius
1415 3011 1484 3060 sius·

159 3087 273 3161 pliciter
292 3084 398 3143 solebat
419 3091 611 3152 elimontem,
638 3106 668 3140 re
686 3098 815 3154 vincam
841 3092 938 3143 tertius
964 3086 1096 3160 denique:
1125 3083 1282 3137 rationibus
1300 3082 1411 3135 vinciam
1430 3099 1485 3133 no-

158 3167 293 3215 oessario.
331 3159 385 3213 Sed
405 3161 585 3215 haecomnia
605 3168 720 3217 ineerta.
745 3194 750 3211 .

236 3234 275 3309 (¹)
293 3264 332 3276 -
345 3241 549 3308 contemptione
567 3255 661 3289 rerum
680 3237 770 3304 bunt,
791 3241 947 3291 tolerantia
957 3236 1101 3309 fortunas
1120 3253 1153 3289 ex
1167 3233 1291 3288 libunek.
1310 3230 1331 3289 C
1350 3228 1482 3288 sd'itmtt.

159 3331 189 3387 p.
211 3318 274 3369 tus.
295 3310 360 3364 sen.
379 3317 406 3367 2.
427 3312 461 3364 G.
484 3311 565 3437 Borq).
617 3311 670 3367 Sed
697 3313 855 3368 huiusmodi
882 3317 1110 3386 transpositiones
1134 3310 1228 3364 locum
1255 3313 1298 3361 vix
1325 3309 1425 3362 babent
1455 3313 1485 3362 in

159 3391 285 3457 scripto,
306 3389 384 3438 cuius
400 3391 540 3438 innumera
563 3386 612 3440 iles
626 3402 710 3461 paene
724 3405 870 3464 supersunt
883 3388 966 3449 cdd.;
985 3403 1012 3442 et
1025 3389 1178 3443 rectissime
1192 3402 1221 3438 se
1234 3382 1317 3438 babet
1329 3387 1485 3436 tolerantis

160 3479 254 3514 rer-tem
273 3458 473 3511 htununnrrun:
505 3480 553 3533 per
577 3480 677 3516 nornen
704 3470 780 3518 onim
800 3464 1002 3519 substantivum
1023 3463 1052 3515 b.
1072 3461 1095 3518 l.
1114 3459 1186 3514 idem
1206 3459 1292 3526 dixit,
1323 3460 1396 3531 quod
1416 3458 1483 3517 alias

160 3534 544 3682 iiiimxiiii.
558 3536 729 3687 iiiiii
742 3533 1483 3682 iniistititini-tisim:tii‘ttt

160 3690 364 3743 contemptione
382 3684 498 3750 Nobbe,
526 3693 619 3741 nescio
645 3687 725 3742 unde.
772 3692 898 3744 Fortasse
917 3680 988 3743 'edd
1009 3688 1157 3741 lectionem
1177 3690 1354 3740 restituturus
1375 3688 1483 3738 erravit.

161 3762 198 3830 (²)
218 3789 256 3802 -
274 3778 324 3811 nec
343 3780 371 3834 p.
391 3762 436 3814 Cr.
456 3760 499 3817 M.
519 3761 579 3818 Ma.
598 3792 635 3806 -
654 3770 720 3836 qrss'n
738 3761 773 3817 ne
792 3765 914 3821 Facciol.
933 3763 963 3821 (Ξ.
1002 3764 1039 3832 (³)
1057 3792 1096 3805 -
1114 3778 1169 3815 om.
1188 3767 1274 3814 etiam
1292 3761 1338 3814 Cr.
1359 3760 1401 3813 Μ.
1422 3758 1483 3812 Ma.

161 3835 200 3912 (¹)
219 3859 256 3876 ι·-
267 3832 371 3906 furum
391 3836 423 3888 B.
443 3838 505 3890 Bas.
528 3837 581 3890 Gu.
605 3838 686 3892 Grut.
707 3844 733 3899 5.
754 3842 789 3896 Η.
832 3840 870 3909 (⁵)
895 3865 931 3899 =
956 3846 987 3894 in
1006 3856 1088 3893 tantun
1107 3838 1127 3891 l.
1148 3840 1178 3891 B.
1200 3839 1253 3891 Gu.
1291 3833 1330 3909 (⁶)
1350 3862 1386 3876 -
1405 3833 1483 3884 litem

161 3915 220 3967 rbi.
240 3912 299 3964 bis.
343 3910 381 3977 (⁷)
405 3939 444 3952 -
461 3908 536 3981 foro
562 3914 681 3979 «alim,
714 3919 743 3967 in
768 3933 855 3989 marg.
874 3917 937 3971 Bas.
981 3914 1018 3983 (¹)
1044 3914 1119 3967 llaec
1139 3925 1277 3985 corrupta.
1298 3938 1334 3952 -
1353 3925 1410 3959 non
1429 3905 1482 3960 del.

161 3982 291 4042 censebat
305 3984 404 4039 Graes.
418 4001 456 4037 so
468 3995 583 4038 senatus
602 3995 712 4041 nontine
731 3996 761 4041 in
780 4010 811 4043 re
826 4012 875 4063 μ,
895 4010 952 4045 non
970 4009 1007 4042 rs.
1020 3997 1084 4041 erat
1101 3988 1174 4041 bona
1193 3987 1330 4058 Borgersli
1350 3986 1483 4055 suspiclo,

161 4066 187 4116 si
213 4075 302 4114 tamen
326 4065 365 4113 ita
390 4059 528 4114 oolloces:
561 4079 599 4116 oo
623 4082 654 4115 re
679 4080 737 4117 non
762 4075 834 4121 erat.
861 4097 900 4110 -
923 4074 1036 4119 senatus
1054 4081 1154 4117 nornen
1171 4067 1202 4113 in
1220 4079 1296 4129 rep.
1316 4063 1399 4109 inane
1418 4065 1494 4109 erat.

161 4135 345 4207 Peerlkampii
371 4152 447 4209 susp.
473 4141 501 4189 in
519 4137 591 4191 Bibl.
612 4140 682 4194 Crit.
703 4160 731 4195 n.
751 4146 785 4208 ὅ,
805 4161 831 4215 p.
851 4146 915 4201 liii.
951 4134 994 4214 ’(9)
1013 4169 1047 4184 -
1067 4157 1132 4191 num
1151 4141 1197 4192 Cr.
1215 4139 1256 4192 Μ.
1276 4135 1335 4188 Ma.
1374 4130 1425 4206 (¹⁰)
1442 4160 1482 4176 -

161 4212 209 4264 ita
227 4210 325 4264 Duisb.
344 4210 425 4282 prob.
443 4209 480 4265 G.
499 4216 528 4265 ln
548 4211 620 4269 add.
664 4212 714 4289 (¹¹)
734 4244 771 4260 -
790 4235 845 4270 om.
865 4236 922 4269 non
941 4235 999 4268 curn
1017 4215 1076 4269 νΜ.
1113 4214 1165 4282 (11)
1184 4241 1222 4255 -
1241 4229 1309 4283 qttae
1327 4217 1386 4260 tum
1404 4208 1482 4259 nulla

162 4289 311 4341 snemoec.
331 4285 366 4338 H.
411 4284 460 4353 (11)
485 4306 522 4341 =
547 4294 700 4342 accersitus
728 4308 754 4363 p.
780 4294 812 4345 v.
837 4290 880 4346 M.
907 4295 966 4348 Ma.
987 4296 1016 4346 P.
1040 4289 1091 4365 (ε.-
1115 4307 1176 4340 sum
1200 4292 1231 4338 in
1255 4292 1308 4338 civ.
1328 4285 1392 4337 Bas.
1412 4283 1480 4349 Gn.)

133 4373 137 4387 ·
161 4361 211 4428 (¹¹)
231 4389 268 4404 -
286 4360 357 4412 liber
375 4360 444 4415 Cdd.
464 4362 590 4435 multip
620 4381 648 4418 a.
668 4366 749 4420 Grut.
795 4366 845 4442 (¹⁵)
868 4384 906 4421 oo
926 4370 968 4420 At
987 4369 1050 4422 Bas.
1070 4365 1117 4419 Cr.
1137 4365 1180 4418 M.
1202 4365 1258 4417 tta.
1279 4367 1306 4422 5·
1326 4360 1376 4425 11η
1401 4355 1480 4430 timb-

162 4436 199 4491 G.
218 4433 268 4510 (-
287 4442 422 4488 memoria
441 4435 509 4495 bac..
523 4439 597 4491 Vide
616 4447 656 4513 p.)
701 4439 752 4508 (¹5)
779 4471 817 4484 -
836 4451 933 4495 tamen
946 4460 1028 4514 perv,
1049 4443 1094 4495 cr,
1114 4442 1156 4496 Μ.
1176 4439 1210 4492 Η.
1229 4466 1267 4480 -
1282 4434 1373 4506 per-u.¹
1385 4442 1482 4485 tamen

161 4511 220 4567 Ma.
260 4509 310 4585 (¹7)
336 4520 464 4564 -.tunc
485 4531 570 4568 tneor.
593 4516 652 4568 bin.
676 4518 709 4570 L.
735 4544 772 4559 -·
798 4524 857 4571 tuen
880 4536 966 4571 meor.
992 4520 1026 4573 ii.
1048 4520 1096 4583 (-
1123 4530 1210 4567 meum
1235 4508 1341 4584 aliquid
1359 4504 1479 4561 Facciol.

161 4590 249 4658 susp.)
296 4582 348 4660 (¹⁸)
377 4617 415 4630 -
441 4592 593 4660 ettinspiam
612 4591 643 4645 E.
667 4621 705 4635 -
729 4590 801 4643 nllsil
820 4612 910 4645 metent
927 4601 985 4660 ert,
1018 4599 1070 4644 aut
1091 4595 1248 4659 utrimquam
1266 4589 1330 4639 Bas.
1351 4611 1388 4627 ·-
1410 4579 1484 4632 nihil

162 4667 235 4715 enim
260 4679 288 4712 n.
315 4679 352 4714 m.
371 4661 444 4717 02¹.
470 4663 521 4716 lid.
547 4665 616 4718 Vsu.
644 4670 725 4727 tast-
774 4666 825 4740 (¹⁹)
847 4667 972 4722 Turbant
999 4668 1026 4722 la.
1051 4665 1071 4720 l.
1096 4663 1164 4718 Cdd.
1187 4677 1214 4715 st
1238 4658 1307 4715 uda.
1331 4672 1396 4712 vett.
1441 4655 1478 4708 Ut

163 4753 229 4803 not,
256 4736 288 4789 L·
315 4738 400 4810 Lang-
423 4740 453 4792 Ρ.
479 4738 559 4811 Seqq.
588 4769 627 4782 -
653 4762 679 4814 q.
706 4761 778 4813 resp.
804 4748 918 4795 invicto
936 4751 996 4795 siut
1020 4744 1066 4797 Cr.
1092 4740 1134 4794 M.
1160 4738 1217 4793 Ma.
1242 4765 1280 4779 -
1302 4738 1370 4786 meis
1393 4734 1477 4795 curis,

162 4812 286 4882 uigiliis,
324 4814 448 4865 consiliis
471 4822 550 4867 stare
571 4823 598 4866 te
623 4821 791 4871 invitissimo
816 4837 874 4870 rem
898 4820 1037 4891 ptsblicam
1063 4814 1113 4870 cd.
1141 4814 1285 4870 Gronotii.
1306 4811 1479 4873 Victoriana,

163 4902 231 4960 quas
255 4884 352 4941 cadem
373 4905 414 4940 est
441 4906 504 4941 cum
528 4894 631 4944 Veneta
656 4893 816 4947 camerarii.
840 4894 898 4948 ubl.
