3384 5359
236 254 302 324 ost
449 250 510 300 Ψ
636 223 897 344 111111111111
919 256 1136 323 nununn.

238 404 314 453 aiosl
332 397 430 452 cadite
455 416 513 451 nort
537 395 723 452 erslas‘multa
751 388 874 469 effirata
892 406 921 450 et
938 402 1091 450 immanius
1117 396 1255 470 quaedam
1273 405 1368 451 autem
1385 397 1572 453 lttanartitatis

239 474 344 528 habent
358 479 483 547 primam
501 479 635 546 speciem,
653 484 686 526 ut
704 472 915 541 misericordia,
934 473 1102 542 aegritudo,
1122 476 1225 542 metus]
1251 472 1336 541 uide,
1357 474 1483 542 obsecro,
1501 475 1570 529 illud

242 555 331 603 enim:
359 550 427 602 Non
445 556 521 603 enim
540 550 630 601 meua
648 544 770 621 effirata
789 558 818 601 et
835 554 980 602 immania.
1019 546 1095 619 Quid
1122 565 1181 602 tum
1208 565 1321 622 postes,
1349 555 1374 602 si
1398 567 1455 603 non
1481 553 1570 603 mma

238 629 316 680 sinti
346 629 389 679 Au
409 625 517 677 idcirco
532 630 669 697 ingeniosi
690 630 800 686 animus
820 627 851 677 in
870 640 901 677 ea
921 623 1018 677 cadere
1038 642 1094 678 non
1114 628 1225 698 potenti
1254 643 1314 678 esto
1335 641 1364 678 ut
1380 644 1475 698 pauca
1493 632 1569 687 siet,·

240 700 308 773 quid
328 706 387 773 ipsa
403 705 538 772 perscitus
556 699 696 773 prohihet,
717 717 772 771 qno
790 703 883 753 miuus
904 705 933 752 in
953 716 984 752 ea
1004 698 1104 753 cadstl
1123 702 1159 754 Et
1179 705 1202 752 si
1222 716 1253 752 ea
1274 716 1360 772 pauca
1380 717 1443 754 suut
1456 708 1567 762 omnia,-

239 778 337 848 qnidni
358 780 387 828 111
407 794 516 828 anuum
534 776 662 829 morbum
680 775 780 828 caelati
800 775 845 830 'l'u
865 794 897 829 ex
917 774 1013 829 codice
1035 792 1082 829 tuo
1101 781 1254 849 praestanti
1275 771 1396 850 reponis,
1415 778 1484 829 Non
1495 783 1566 830 enirn

239 856 269 904 irs
287 852 392 917 multa,
413 850 487 906 cadit
506 851 624 905 scilicet.
664 851 736 904 Sane
756 848 899 921 eliquanto
919 851 1032 904 melius:
1053 850 1102 904 sed
1123 868 1213 905 tstnen
1234 850 1348 905 laterem
1369 853 1453 904 lavas.
1491 852 1566 922 Quid

239 930 332 982 enimi
361 942 396 979 an
417 925 445 979 id
465 932 532 980 satis
553 941 609 991 est,
630 930 654 979 si
675 931 836 999 ingeniosus
856 944 912 979 non
933 926 1013 979 cudat
1034 933 1062 980 in
1084 927 1218 981 MutTa
1238 923 1351 1004 efferata
1371 946 1397 981 rt
1418 931 1565 980 immania?

239 1001 367 1078 prolecto
387 1019 489 1056 nomen
509 1017 536 1055 et
555 1000 665 1055 laudem
684 1006 821 1074 ingeniosi
842 1007 964 1067 amittet,
984 1008 1007 1055 si
1028 1008 1057 1056 in
1077 1003 1134 1053 tella
1153 1004 1289 1055 eiusmodi
1311 1004 1407 1062 cadat:
1428 1018 1474 1055 aut
1492 1020 1564 1056 certe

242 1085 265 1133 si
285 1079 394 1132 inulla
413 1081 545 1138 immania
565 1079 663 1131 cadere
684 1094 791 1151 potest,
818 1076 914 1148 quidni
936 1082 964 1131 in
984 1079 1074 1130 msslta
1093 1093 1119 1131 et
1140 1082 1169 1130 in
1189 1081 1304 1132 omnial
1335 1076 1471 1150 gradatim
1491 1085 1564 1131 enirn

239 1160 270 1208 in
291 1159 357 1206 vitis
376 1152 511 1219 labimur,
532 1168 558 1205 et
579 1139 661 1206 nemd
682 1168 795 1225 repente
815 1151 844 1206 lit
864 1157 1010 1225 pessimus.
1050 1149 1122 1205 lllud
1142 1159 1226 1206 etiam
1246 1169 1366 1226 quaero,
1393 1172 1458 1218 cnr,
1483 1173 1564 1226 quum

238 1230 364 1281 morbum
382 1244 410 1282 et
425 1228 670 1301 perturbationem
689 1227 812 1287 dixisset,
833 1234 969 1281 continuo
989 1245 1117 1281 neutrum
1136 1247 1220 1302 genus
1239 1235 1343 1302 posuit,
1362 1231 1450 1281 muita
1463 1234 1563 1280 imme-

239 1306 307 1356 rtiai
341 1303 457 1357 Delendi
486 1319 575 1357 tamen
603 1306 655 1357 boc
681 1320 762 1376 posse
786 1309 863 1356 scio:
897 1319 924 1357 et
944 1309 967 1358 si
988 1302 1021 1355 de
1042 1305 1096 1357 boc
1116 1321 1172 1357 non
1192 1321 1344 1377 repugnas,
1367 1301 1432 1356 'tum
1452 1304 1562 1376 legerim

185 1401 194 1414 ‘
237 1379 354 1434 levicula
376 1385 545 1446 mutatione,
564 1380 632 1448 Noa
650 1385 723 1431 euim
743 1380 791 1432 IN
807 1379 908 1433 ULLA
927 1371 1048 1449 offirma
1067 1388 1095 1430 et
1113 1385 1264 1434 immania..
1297 1381 1346 1433 Sin
1363 1379 1587 1433 substantivnm'

237 1461 344 1520 mavis,
373 1473 428 1528 qno
454 1459 523 1509 liaeo
548 1453 727 1519 referentum¹
750 1470 810 1509 tum
837 1473 959 1529 repono:
990 1456 1058 1507 Non
1083 1461 1157 1507 euim
1181 1456 1230 1507 IN
1251 1455 1366 1509 VITIA
1391 1450 1513 1526 fieretur
1535 1465 1561 1507 et

237 1536 381 1584 immania.

314 1606 362 1659 Ca
371 1624 394 1659 r.
408 1606 485 1659 xiv.
503 1604 532 1657 Ε
542 1604 640 1675 qrribtss
651 1609 783 1677 qrsoniam
795 1612 939 1676 tamquam
951 1624 967 1655 e
978 1603 1148 1678 scrupulosis
1162 1604 1270 1656 cotibus
1288 1609 1444 1677 enavigavit
1463 1611 1561 1670 oratio,

236 1683 359 1753 reliquae
379 1680 579 1754 disputationis
597 1698 707 1732 cursum
727 1689 888 1741 teneamus;
919 1680 1000 1732 modo
1029 1686 1101 1731 satis
1125 1681 1176 1731 illa
1202 1680 1321 1732 dilucide
1340 1679 1498 1732 dixerimus
1511 1700 1561 1750 pro

236 1775 331 1809 rerum
351 1757 533 1825 obscuritate]
561 1755 637 1824 Quid
658 1762 713 1809 sint
733 1764 811 1808 cotes
829 1760 886 1808 slve
906 1765 1002 1807 cautes
1020 1762 1126 1808 scitnus
1147 1774 1255 1808 omues:
1287 1755 1359 1809 unde
1386 1763 1472 1828 igitur
1498 1755 1561 1808 illud

237 1835 382 1906 epitheton
401 1825 578 1902 scrupulosae
598 1831 714 1884 carries?
735 1829 808 1902 quod
828 1830 942 1904 perinde
962 1845 1014 1896 est,
1036 1847 1069 1884 ac
1089 1835 1112 1884 si
1126 1831 1242 1884 Colosso
1259 1832 1461 1904 Pygmaeorum
1479 1849 1561 1885 vestes

239 1912 382 1982 aptaveris.
422 1907 574 1979 Scrupulus
593 1913 668 1960 enim
689 1920 730 1959 est
750 1905 861 1979 lapillus
881 1910 1031 1971 minimus,
1058 1906 1147 1976 qualis
1167 1911 1239 1959 intra
1260 1907 1384 1959 calceum
1405 1906 1477 1962 forte
1497 1912 1561 1960 inei·

237 1981 304 2038 dens
326 1982 422 2055 pedem
443 1984 515 2035 male
534 1987 652 2041 cruciat.
691 1980 802 2035 Viderat
824 1983 895 2046 hoo,
915 1980 1015 2047 credo,
1035 1980 1146 2035 Paullus
1167 1984 1326 2047 Manutius,
1345 1987 1393 2052 qui
1413 1983 1561 2054 scopulosis

237 2077 270 2115 ex
296 2064 457 2112 coniectura
484 2057 637 2112 substituit.
693 2057 796 2125 Quum¹
813 2057 925 2130 quidem
951 2074 1014 2110 meo
1040 2062 1146 2111 iudicio
1172 2063 1306 2130 optimam
1333 2057 1497 2111 Gebhardns
1521 2058 1559 2111 vel

238 2139 382 2188 nominare
402 2133 565 2204 dedignatus
587 2151 644 2195 esu
675 2147 703 2185 tu
723 2151 832 2204 quoque
852 2135 1003 2205 repudiasti
1025 2138 1206 2197 auctoritate,
1232 2127 1389 2199 uteretlis,
1410 2136 1557 2193 Prisciani;

235 2214 282 2282 qui
300 2209 360 2265 Lib.
376 2213 423 2263 V..
444 2228 471 2282 p.
487 2214 550 2270 715.
588 2211 707 2281 Specus,
728 2214 834 2279 inquit,
847 2209 1021 2279 femininum
1040 2213 1202 2268 moenitum·
1221 2207 1361 2259 Pacuvius
1380 2213 1411 2260 irs
1429 2211 1557 2280 tliiptris:

235 2283 367 2337 Adveru'o
385 2285 577 2356 scrupulosam
595 2301 713 2356 spectare.
753 2287 854 2336 Verum
877 2288 916 2347 is,
935 2301 1015 2353 quem
1035 2283 1198 2335 advocatum
1221 2286 1270 2336 tibi
1292 2289 1411 2356 parasti,
1433 2283 1555 2337 adversus

235 2374 263 2414 te
276 2375 388 2413 causam
401 2359 486 2414 dicit:
506 2377 613 2413 certum
631 2362 732 2431 quippe
749 2375 790 2412 est
804 2360 977 2412 Priscianum
991 2358 1030 2410 ibi
1044 2363 1186 2429 scripsisse
1199 2375 1374 2430 scruposam:
1393 2359 1472 2412 locus
1486 2365 1555 2412 enim

234 2439 343 2508 integer
361 2451 450 2489 exstat
469 2435 540 2506 apud
561 2436 683 2489 Nonium
704 2438 733 2487 in
752 2451 819 2487 voce
840 2452 947 2506 specus,
968 2436 1080 2499 Accitur,
1098 2439 1153 2498 ait,
1174 2433 1245 2508 (lege
1264 2433 1418 2509 Pacuuius)
1439 2437 1554 2508 Niptris:

460 2510 528 2563 lade
548 2509 664 2563 advenio
684 2519 805 2562 montem
824 2510 927 2561 Oetam
946 2525 1107 2582 scruposam
1128 2526 1249 2582 specum.
1271 2521 1274 2526 '

213 2581 328 2655 'Quam
348 2585 500 2639 lectionem
520 2602 616 2640 sanam
635 2603 695 2639 esse
721 2585 764 2637 vel
790 2588 862 2638 ratio
888 2601 996 2648 versus,
1027 2591 1073 2656 qui
1101 2590 1224 2638 senarius
1248 2601 1305 2650 est,
1333 2588 1401 2638 satis
1428 2583 1554 2639 ostendit.

236 2661 401 2714 Rectissime
422 2666 507 2734 igitur
525 2661 677 2714 Lambinus
699 2659 897 2725 SCRUPOSlS
918 2660 1026 2712 cotilias
1045 2665 1181 2735 reposuit;
1207 2675 1271 2712 nam
1290 2665 1401 2731 scrupi,
1424 2676 1493 2714 teste
1512 2662 1556 2712 Fe·

234 2753 295 2801 sto,
321 2745 388 2787 suat
413 2755 517 2807 aspera
541 2754 617 2787 saxa
642 2745 671 2787 et
686 2744 788 2806 petrae
807 2733 1032 2805 narefragiorum
1046 2736 1174 2809 pollutae
1192 2737 1302 2789 scelere.
1344 2734 1411 2788 lude
1429 2753 1555 2806 scrupeus

234 2827 262 2865 et
280 2829 428 2884 scruposas
447 2816 623 2885 aptissimum
643 2811 769 2862 caestibus
787 2813 943 2883 epitheton.
981 2811 1030 2865 Sic
1051 2810 1181 2883 virgime
1200 2829 1316 2884 scrupea
1334 2813 1483 2881 spelunea,
1508 2813 1556 2865 Ps-

234 2891 330 2941 ouvius
357 2906 476 2958 scrupea
504 2905 594 2952 saca,
627 2886 777 2961 Appuleius
802 2904 965 2958 scruposum
990 2904 1109 2952 samum,
1141 2888 1236 2940 festus
1264 2890 1385 2941 Avienus
1409 2905 1555 2958 scruposas

232 2981 332 3035 rupes,
352 2965 477 3017 Lucanus
497 2961 532 3028 V,
550 2966 615 3021 675.
688 2989 697 2998 ·
908 3015 912 3027 ,
947 3009 951 3019 .

460 3037 660 3111 Scruposisque
679 3044 804 3103 angusta
821 3044 930 3088 vacent
948 3036 997 3088 uhi
1014 3038 1102 3089 litora
1121 3041 1203 3090 saxis.
1243 3090 1245 3102 Ε
1320 3044 1324 3052 ’

234 3110 290 3166 Sed
309 3111 343 3167 de
362 3113 417 3185 hoo
436 3119 519 3167 satis:
547 3129 631 3186 pergo
651 3110 685 3162 ad
706 3109 750 3176 id,
771 3109 844 3183 quod
864 3127 964 3166 restat:
994 3130 1050 3165 non
1071 3118 1143 3165 enim
1165 3112 1255 3186 placet
1275 3108 1342 3164 illud
1362 3111 1554 3179 Eravigavits

233 3186 308 3259 quod
327 3190 375 3241 hic
394 3195 553 3263 oppositum
575 3205 634 3242 esse
654 3185 734 3240 debet
754 3189 797 3257 τῷ
815 3204 927 3238 ersrsum
946 3196 1106 3248 teneamus,-
1137 3185 1369 3259 quemadmodum
1390 3192 1491 3252 remis,
1516 3189 1556 3258 τῷ

146 3323 150 3336 Ι
233 3264 301 3317 velis
321 3268 378 3317 slve
398 3269 495 3319 ventis.
534 3265 617 3336 Atqui
638 3267 781 3334 enavigare
801 3278 887 3344 aeque
908 3269 1037 3317 convenit
1057 3269 1180 3336 utrique;
1200 3280 1228 3318 et
1247 3267 1373 3335 remigio,
1392 3279 1420 3316 et
1440 3262 1555 3316 velifica-

233 3343 315 3402 aiom.
360 3341 551 3407 Quamobrem
571 3346 614 3393 sic
633 3353 723 3393 totum
742 3337 837 3390 locum
859 3336 1021 3404 reformem,
1051 3339 1079 3391 E
1100 3339 1197 3411 qtsibus
1222 3343 1352 3411 quoniam
1376 3347 1518 3409 tamquam
1539 3356 1554 3390 e

234 3412 434 3469 sciiUPosls
454 3415 563 3468 cotibus
580 3413 816 3469 EREMlGAVlT
836 3418 945 3479 oratio,
971 3414 1093 3486 reliquae
1112 3411 1310 3486 disputationis
1328 3431 1438 3466 cursum
1457 3423 1554 3464 tenes-

233 3506 302 3540 mus.
340 3491 424 3543 Cuius
445 3496 621 3548 coniecturae
640 3506 803 3562 sponsorem
822 3486 894 3541 dabo
915 3494 1006 3560 ipsum
1026 3492 1198 3555 Ciceronem,
1220 3489 1268 3542 ubi
1286 3487 1320 3542 de
1340 3489 1392 3541 bac
1411 3487 1508 3541 eadem
1526 3504 1553 3540 re

232 3563 358 3637 loquitur
381 3564 494 3619 Tuscul.
521 3566 569 3629 iv,
596 3569 624 3622 lt.
670 3566 771 3617 Utrum
797 3569 889 3633 igitur
922 3569 1029 3631 mavis,
1062 3571 1197 3617 statimne
1221 3582 1274 3616 nos
1297 3564 1356 3617 vela
1380 3562 1488 3630 iacere,
1519 3580 1553 3614 an

232 3644 312 3713 qtsasi
330 3659 345 3691 e
361 3648 450 3711 portu
468 3639 647 3709 egredientes
662 3640 818 3710 paullulum
837 3643 992 3712 remigare?
1013 3656 1040 3694 et
1057 3658 1082 3694 c.
1096 3647 1123 3699 5.
1151 3639 1327 3709 Quaerebam
1342 3644 1444 3708 igitur,
1465 3648 1555 3690 utram

233 3713 383 3792 panderem
408 3715 468 3769 vela
495 3719 636 3767 orationis
660 3719 775 3780 statim,
808 3733 846 3766 au
872 3733 934 3767 eam
960 3725 1028 3767 aute
1049 3717 1206 3786 paullulum
1230 3714 1449 3768 Dialecticorum
1474 3718 1554 3767 remis

233 3792 425 3866 propellerem.
465 3794 588 3861 Denique
608 3791 664 3844 boe
685 3797 746 3863 ipso
766 3795 858 3864 capite
878 3793 925 3849 1²1.
943 3791 1006 3846 Lib.
1025 3791 1072 3846 tv,
1097 3785 1186 3843 Nunc*
1200 3789 1268 3858 vela,
1286 3809 1356 3863 quae
1376 3788 1461 3843 modo
1480 3789 1554 3841 dice-

231 3868 298 3934 bas,
318 3876 510 3937 exspectamus
528 3874 557 3917 et
577 3882 698 3924 cursum.
1042 3911 1047 3916 .
1076 3859 1079 3870 ’

307 3945 386 3996 Car.
406 3943 469 3998 XV.
504 3937 675 4008 Vitiosltas)
702 3958 740 3994 ea
763 3959 818 4012 qrsa
843 3945 1022 3995 concitantur
1043 3941 1290 4014 perturbationem
1320 3958 1390 4011 quae
1414 3948 1497 4005 suet,
1525 3931 1572 3992 us'

229 4017 326 4090 paullo
344 4025 412 4070 aute
430 4017 569 4081 dicimus,
596 4015 702 4068 turbIdi
725 4022 883 4068 animorum
902 4021 1088 4088 concitatique
1107 4019 1210 4085 motus]
1238 4018 1291 4069 Hic
1310 4033 1361 4088 pro
1379 4022 1553 4068 concitantur

232 4092 330 4150 MSSti
347 4091 468 4147 'habent
485 4096 660 4163 cogitantur.
697 4089 779 4144 Unde
807 4091 857 4145 alii
886 4110 919 4145 ex
945 4097 1108 4145 coniectura
1133 4098 1285 4162 agitantur
1303 4091 1345 4145 vel
1362 4096 1552 4159 coagitaatur.

231 4168 310 4237 Quae
330 4185 415 4242 quum
436 4165 503 4221 dura
524 4183 551 4222 et
569 4182 668 4222 coacta
687 4172 759 4234 sint,
780 4181 809 4220 tn
830 4173 1010 4220 concitantur
1029 4166 1172 4235 admittis,
1192 4165 1299 4221 favente
1318 4172 1484 4240 praesertim
1496 4167 1554 4220 Ms-

229 4247 302 4299 nutli
323 4242 428 4299 endec*-
466 4243 541 4317 Ego,
561 4246 622 4315 quis
642 4246 679 4296 sit
699 4240 746 4298 ille
766 4233 863 4309 codex,
883 4248 996 4297 nescio:
1017 4242 1085 4296 illud
1105 4248 1176 4296 scire
1196 4242 1305 4308 videor,
1318 4241 1459 4314 uniquam
1479 4245 1554 4298 Cice-

229 4336 327 4374 ronem
348 4335 404 4373 tam
423 4315 537 4390 illepide
556 4316 700 4372 dicturum
718 4315 819 4382 fuisse,
845 4319 918 4371 rmde
938 4315 1210 4373 CONCITAN'I'UR
1224 4318 1471 4390 perturbationes,
1489 4335 1552 4390 psas

228 4402 296 4448 mes
311 4393 517 4450 concitati
536 4401 638 4448 motus.
676 4393 824 4448 Enimvero
843 4400 868 4447 si
889 4409 948 4446 rem
968 4398 1075 4467 ipsam,
1093 4411 1151 4447 non
1167 4393 1359 4447 Librariorum
1378 4411 1478 4448 manus
1497 4410 1554 4465 spe-

229 4485 356 4537 ctamus,
386 4475 430 4523 vix
450 4467 524 4522 uliud
544 4473 705 4543 scripserit,
732 4485 817 4541 quam
838 4468 1047 4532 OlllUNTUllt
1077 4485 1108 4524 ut
1127 4472 1157 4522 in
1177 4461 1382 4543 preteslihnins
1402 4476 1552 4524 sententias

227 4545 276 4600 ne
299 4563 334 4597 ea
352 4543 684 4600 Paoslclsctitstnn.
727 4544 776 4601 Sic
801 4544 915 4599 Tuscul.
943 4546 990 4612 lV,
1016 4551 1062 4606 23.
1105 4544 1154 4598 Ea·
1178 4563 1231 4617 quo
1256 4545 1369 4598 laetitia
1393 4553 1446 4597 aut
1469 4543 1552 4597 auto

228 4627 360 4683 oriatur,⁸
378 4637 405 4675 et
425 4624 464 4674 its
484 4623 597 4694 passim.
883 4638 896 4674 s
1580 4666 1583 4672 .

303 4695 393 4752 lbitl.
420 4695 498 4766 Quae
514 4699 544 4753 si
563 4693 675 4768 quando
694 4692 795 4768 adepta
813 4710 856 4749 est
882 4694 914 4747 id
936 4693 1012 4768 quod
1037 4700 1064 4747 ei
1079 4692 1182 4767 fuerit
1204 4694 1392 4768 concupitum]
1418 4696 1474 4750 Pro
1492 4699 1550 4750 istis

226 4770 330 4844 adepta
354 4782 398 4827 est
423 4770 535 4825 codices
562 4770 692 4826 meliores
718 4770 822 4826 habent
847 4769 943 4822 eadem
964 4771 1112 4843 piaretur,
1142 4771 1186 4826 vel
1204 4771 1301 4823 eadem
1316 4778 1487 4844 putaretur,
1512 4767 1550 4822 rel

227 4845 345 4923 denique
363 4866 397 4902 ea
416 4846 622 4918 deoptantur.
664 4844 722 4903 Ubi
742 4863 773 4904 ta
793 4861 869 4902 certe
887 4862 982 4901 veram
1000 4846 1150 4902 lectionem
1170 4845 1281 4922 vidisti,
1309 4845 1357 4902 sed
1377 4845 1443 4936 dnm
1468 4848 1548 4901 nimis
