3384 5359
696 331 762 397 nn
785 332 879 397 um.
901 283 952 398 1(
1228 302 1231 311 '
1283 324 1307 337 “
1413 337 1475 403 aas

132 473 266 527 Deseris
284 470 333 525 lsio
351 468 548 537 Gebhardom,
573 476 620 543 qui
640 490 674 526 ex
692 445 891 546 manuscriptis
910 478 968 528 suls
987 470 1099 528 dederat
1117 473 1200 527 seha
1218 480 1373 546 sangraaee
1398 493 1431 533 ut
1449 493 1480 535 es

133 553 230 622 prius
245 552 404 605 coniecerat
417 546 576 600 Turnebus:
596 553 643 619 qui
664 547 776 620 quidem
795 549 902 601 salsum
920 557 1086 620 sanguinem
1104 556 1183 621 quasi
1202 568 1334 624 perpetuo
1354 554 1480 628 epitheto

135 639 158 676 a
184 618 298 676 Lauinii
325 620 464 675 veteribus
490 623 616 695 Tragicis
642 624 749 677 dictum
776 640 909 678 autumat.
955 628 1061 679 Mirum
1087 640 1196 691 tameo,
1225 632 1404 700 sanguinem,
1430 635 1479 700 qul

136 716 208 752 non
230 703 277 761 sit,
297 697 401 749 salsum
420 697 568 769 appellari:
588 713 615 751 et
636 713 777 770 praeterea
796 698 858 751 loca
877 714 941 753 suut
961 716 1098 774 suspecta,
1118 718 1154 754 ne
1168 699 1268 757 addam
1287 708 1382 779 aperta
1402 694 1500 759 meu·'
1524 694 1529 707 '
1585 704 1588 711 ⁴

133 772 237 849 'dorae
258 787 288 827 ut
308 771 375 826 illud
396 772 479 825 Ennii
500 792 532 826 ex
551 776 724 846 Cresphonte
745 773 816 847 apud
835 774 1011 829 Macrobium
1030 777 1085 841 Vl,
1105 784 1133 833 2.

410 848 507 918 Neque
520 856 644 901 smiserae
662 851 758 903 lavere
776 852 911 902 lacrimae
930 852 1034 903 salsum
1053 855 1228 921 sanguinem.

137 923 207 979 Ubi
228 920 418 996 reponendum
436 940 502 975 cum
521 930 579 977 viro
598 943 706 980 summo
726 924 874 990 Gebhardo
887 927 986 980 Vossio
1005 928 1131 981 lacrimis
1150 930 1244 984 salsis.
1273 931 1383 985 citatur
1395 934 1480 985 etiam
1566 924 1573 931 ⁸

71 1026 74 1033 ³
140 1018 184 1053 ex
205 1002 290 1054 Accii
309 996 437 1054 Phinidis
457 999 528 1068 apud
549 1000 672 1053 Nonium
692 1005 721 1053 in
741 1003 834 1056 Lavit:

480 1075 590 1125 Salsum
609 1093 735 1128 cruorem
754 1082 846 1145 gattis
863 1077 1047 1130 lacrimarum
1065 1078 1155 1131 lavit:

140 1147 202 1204 aed
222 1154 328 1203 restim
346 1146 428 1202 hodie
448 1147 548 1214 editur,
566 1151 788 1203 ratriscruorem
801 1167 856 1205 oet.
897 1154 988 1222 Quare
1009 1153 1088 1206 abeat
1102 1153 1265 1209 Gebhardus
1286 1171 1351 1209 cum
1370 1154 1478 1210 insulsa

143 1226 199 1277 illa
220 1225 357 1290 lectione,
381 1226 457 1276 salso
482 1230 637 1293 sanguine:
663 1242 692 1279 et
719 1225 875 1292 videamus,
903 1226 994 1299 siquid
1021 1232 1049 1280 iu
1075 1227 1161 1282 altera
1181 1229 1303 1283 melioris
1324 1236 1359 1284 sit
1380 1229 1477 1303 frugis.

143 1305 270 1354 Vossius
290 1304 421 1374 imagines
440 1316 612 1354 mortuorum
622 1300 711 1371 falso
729 1308 867 1371 sangnine
886 1300 942 1356 dici
962 1307 1118 1367 eristimar,
1138 1310 1203 1376 quia
1218 1322 1274 1357 nort
1286 1302 1397 1358 suntid
1406 1305 1480 1376 qaod

144 1376 304 1433 videnture
330 1381 426 1447 qnippe
452 1393 613 1444 exsangues
630 1377 743 1431 umbrae
769 1377 928 1444 dumtaxat.
972 1377 1026 1431 Sed
1053 1384 1164 1451 patrois,
1190 1382 1288 1446 credo,
1313 1380 1479 1454 approbabit

145 1451 228 1505 hauc
245 1455 515 1524 interpretationem.
541 1455 632 1507 Durus
652 1468 679 1505 et
698 1449 802 1505 ferreus
822 1457 904 1524 polita
926 1457 973 1518 sit,
993 1459 1040 1525 qui
1059 1459 1101 1506 sic
1119 1454 1194 1526 loqui
1215 1461 1366 1523 sustineat:
1385 1461 1478 1529 potius

138 1526 234 1601 falso
252 1545 383 1598 corpore:
412 1527 476 1578 uam
495 1532 615 1595 sanguis
634 1545 668 1580 ne
688 1531 718 1580 in
738 1527 891 1582 virentibus
911 1528 1023 1600 quidem
1043 1528 1129 1582 videri
1150 1545 1256 1602 potest,
1276 1536 1330 1585 nisi
1352 1530 1480 1585 vulnera-

149 1608 202 1658 tis.
243 1601 318 1673 Quid
337 1604 420 1675 ergoi
441 1616 474 1654 an
495 1607 684 1656 coniecturam
704 1619 793 1656 mcum
814 1607 937 1674 experiri
957 1604 1092 1671 Equidem
1105 1609 1148 1656 sic
1160 1604 1254 1658 locum
1267 1611 1477 1671 constituerim

268 1675 346 1731 Unde
366 1682 474 1729 animae
493 1683 666 1743 excitantur,
687 1678 880 1733 ohscunau
899 1679 1071 1744 uitanda,
1092 1694 1186 1751 aperto
1206 1684 1280 1734 ostio

269 1750 325 1804 ahi
345 1753 527 1817 Acherontis,
546 1754 642 1807 Fuso
662 1758 810 1826 sanguine,
831 1772 1004 1809 mortuorum
1026 1759 1168 1828 imagines.

152 1825 278 1878 Umbrae
297 1844 360 1879 suut
380 1831 455 1899 iprae
475 1832 595 1889 animast
619 1845 649 1882 ut
661 1829 808 1901 Virgilius,
824 1829 994 1898 Exsangrres
1012 1835 1131 1881 territat
1149 1828 1279 1882 umbrare
1290 1827 1365 1901 fiseo
1384 1844 1480 1885 autera

149 1905 295 1968 sanguine
313 1918 371 1954 nou
390 1898 453 1954 edm
473 1903 572 1955 Vossio
592 1902 625 1955 ad
644 1909 784 1973 imagines
802 1902 907 1970 refero,
926 1908 972 1958 sed
993 1904 1028 1957 ad
1047 1910 1219 1960 excitantur.
1257 1905 1349 1969 Unde,
1376 1909 1477 1977 iuquit,

151 1981 320 2027 excitarunt·
331 1974 407 2047 fuso
427 1983 575 2045 sangiune.
602 1979 671 2045 dois,
690 1984 800 2052 opinor,
821 1980 890 2033 haee
910 1983 1004 2033 omnia
1023 1998 1056 2033 ex
1071 1982 1185 2033 Homeri
1198 1980 1316 2053 Νεκυίᾳ
1328 1979 1430 2053 odyss.
1442 1978 1477 2038 λ’.

152 2067 216 2104 esse
234 2049 394 2125 desumpta:
414 2051 463 2104 nbi
482 2057 590 2106 animae
609 2068 784 2107 mortuorum
804 2052 838 2105 ad
858 2059 1020 2129 sanguinem
1037 2052 1131 2108 iusum
1149 2052 1329 2123 advolabant,
1351 2059 1479 2112 aconiti

155 2142 191 2179 eo
211 2126 356 2199 depastam
377 2125 503 2198 proloqui
523 2127 671 2200 quidquam
689 2145 829 2203 poteraut.

231 2201 280 2253 Ca
289 2219 313 2255 r.
326 2201 404 2255 xvi.
423 2201 703 2277 PlsereeydesSyrius
716 2210 838 2278 primum
852 2204 927 2257 diets
939 2209 1046 2257 animm
1057 2203 1197 2256 hominum
1209 2222 1269 2256 esse
1280 2206 1477 2276 sempiternos]

155 2275 240 2328 Recte
261 2289 291 2349 tu
311 2274 422 2348 quidem
435 2293 462 2330 et
477 2281 558 2330 docte
571 2285 680 2350 reponit
694 2280 812 2353 Syriuss
831 2279 905 2351 quod
923 2278 998 2345 fuse,
1016 2284 1040 2332 ai
1059 2279 1130 2333 bene
1149 2285 1283 2345 memini,
1304 2285 1477 2354 persequitur

155 2349 317 2405 Holstenius
331 2350 365 2403 ad
377 2352 570 2425 Porphyrium.
584 2353 625 2427 (p.
637 2352 698 2481 67.)
727 2354 781 2408 Sed
797 2354 873 2411 aliud
885 2353 951 2425 quid
964 2354 1112 2408 leviculum
1125 2369 1191 2408 saue
1204 2336 1305 2421 res‘tat,
1325 2360 1371 2408 cui
1386 2369 1478 2408 tamen

155 2429 265 2478 contio
285 2424 439 2479 adhibenda
458 2443 510 2481 est.
554 2431 664 2503 Quippe
695 2431 844 2502 egendum,
869 2428 1121 2495 Patansana,
1145 2434 1350 2501 nonprimrem.
1393 2427 1494 2498 Quod·

155 2504 214 2552 iam
233 2517 261 2554 es
281 2501 446 2555 Lambinum
465 2501 566 2557 vidisse
586 2506 675 2558 video.
720 2506 763 2557 lta
789 2510 892 2577 passim
910 2509 1065 2576 Scriptores
1090 2503 1168 2558 boni.
1212 2506 1314 2558 Noster
1339 2504 1382 2557 his
1408 2508 1477 2576 ipsis

156 2575 267 2630 'tuscul
289 2579 311 2639 i,
329 2582 375 2633 25.
391 2603 393 2608 ·
408 2577 469 2628 Aret
486 2583 533 2649 qui
552 2584 657 2651 primns
676 2579 802 2631 omnibus
819 2581 902 2631 rebus
920 2584 1052 2651 imposuit
1069 2584 1193 2633 nomina.
1213 2582 1245 2643 V,
1265 2589 1291 2637 1.
1318 2579 1373 2648 Qui
1391 2583 1477 2653 primi

156 2667 186 2700 se
205 2649 245 2701 ad
257 2650 450 2721 philosophiae
467 2650 589 2705 studium
609 2656 794 2707 contulerunt.
814 2658 846 2719 V,
867 2661 893 2710 2.
930 2656 999 2707 Neo'
1015 2672 1078 2720 eos,
1104 2673 1124 2706 a
1142 2655 1240 2726 quidus
1256 2660 1319 2707 vita
1337 2653 1477 2708 hommem

156 2731 298 2777 instructa
317 2732 411 2800 primia
430 2733 485 2793 sit,
497 2726 594 2798 filim
610 2729 790 2802 pltilosoplsos
807 2729 993 2782 arbitrantur.
1007 2731 1040 2794 V,
1059 2733 1085 2788 lt.
1112 2730 1244 2783 Socrates
1262 2738 1355 2783 autem
1373 2735 1478 2805 primus

157 2800 363 2871 Philosophiam
382 2803 533 2855 devocavit
550 2823 569 2855 a
587 2807 673 2859 caelo.
712 2805 859 2877 Nunquam
878 2807 959 2857 aliter
976 2804 1122 2875 loquitur.

234 2877 326 2931 thid.
354 2877 536 2949 Pythagoras
729 2885 818 2932 tenuit
837 2897 971 2949 magnam
990 2881 1068 2931 illem
1087 2880 1255 2949 Graeciam,
1270 2898 1350 2950 qaum
1369 2880 1477 2934 honora

159 2961 189 3004 et
206 2952 368 3025 disciplina,
387 2961 447 3005 tum
464 2960 552 3007 etiam
570 2958 764 3024 auctoritate]
790 2953 862 3008 Illud
880 2972 988 3008 mecum
1006 2953 1160 3028 perpende,
1180 2975 1261 3027 quum
1278 2955 1400 3022 honore,
1419 2964 1478 3007 trun

160 3034 334 3082 auctoritate.
382 3031 469 3100 Quasi
495 3047 559 3083 vero
579 3030 667 3083 honos
687 3046 716 3083 et
735 3034 885 3084 auctoritas
904 3047 948 3083 res
968 3045 1058 3083 esseut
1078 3030 1194 3083 multum
1214 3030 1369 3084 disiunctae
1388 3045 1415 3083 et
1434 3027 1479 3082 di·
1583 3050 1589 3057 -

160 3110 229 3159 tersi
255 3104 337 3178 plane
363 3111 486 3177 generis:
515 3104 548 3159 de
574 3103 734 3158 huiusmodi
761 3109 835 3158 enim
856 3110 980 3179 usurpari
1000 3103 1092 3158 solent
1110 3120 1159 3158 eae
1179 3105 1329 3178 particulae
1347 3123 1430 3177 qratm
1448 3120 1479 3159 et

53 3248 56 3253 ‚
161 3189 228 3233 tum.
267 3180 327 3233 Hoc
343 3185 478 3253 primum.
516 3182 587 3235 Tum
607 3197 636 3233 et
655 3179 724 3233 illud
743 3185 866 3233 vicissim
887 3173 1047 3245 considera,
1065 3177 1170 3231 sonore
1189 3189 1217 3232 et
1236 3179 1402 3252 disciplina:
1427 3179 1477 3234 ubi

162 3254 214 3307 duo
233 3254 415 3328 copulantur,
444 3271 584 3327 tamquam
609 3261 633 3309 si
661 3272 779 3327 cognata
799 3272 890 3309 esseut
909 3272 936 3310 et
955 3259 1200 3321 coniunctissima,
1227 3271 1296 3326 quae
1322 3259 1367 3307 vix
1392 3255 1477 3309 ullam

161 3330 261 3384 habeat
281 3329 445 3385 affinitatem
465 3347 512 3385 aur
532 3329 752 3386 similitudinem.
803 3329 948 3395 Proiecto,
975 3334 999 3384 si
1023 3331 1096 3383 hanc
1114 3335 1281 3384 ceurentium
1301 3346 1477 3385 consectatus

85 3470 97 3477 „
162 3404 255 3459 inisset
275 3421 388 3471 auctor,
416 3405 468 3458 hac
488 3410 580 3478 potius
599 3404 903 3459 verborumstruotura
922 3423 986 3459 usus
1011 3419 1097 3465 essert
1123 3422 1202 3475 quum
1226 3404 1392 3475 discipline,
1417 3414 1478 3459 tam

163 3486 245 3533 etiam
264 3480 368 3532 honore
387 3489 416 3532 et
434 3486 621 3542 auetoritate,·
639 3480 687 3533 sed
706 3485 736 3533 in
755 3496 867 3553 recepto
886 3478 983 3533 ordine
1002 3476 1104 3533 tuendo
1123 3496 1219 3533 omnes
1232 3479 1344 3534 codices
1358 3497 1476 3534 consen·

165 3561 243 3609 tiunt.
283 3558 417 3628 Agnoscit
437 3560 509 3622 iam,
528 3559 643 3628 opinor,
670 3559 804 3609 orationis
823 3556 905 3609 huius
924 3559 1007 3608 vitia:
1031 3569 1099 3624 quae
1119 3570 1210 3607 tamen
1229 3554 1311 3608 facile
1331 3553 1476 3609 deterseris

164 3631 214 3684 ltac
237 3630 291 3683 leri
316 3630 524 3684 emendatione:
565 3629 747 3703 Pythagoras
770 3659 807 3673 ·-
834 3635 925 3682 tenerit
948 3646 1083 3697 magnam
1106 3630 1184 3681 illam
1203 3631 1369 3697 Graeciam,
1393 3648 1476 3703 praem

164 3706 269 3760 Morti.
288 3715 316 3757 et
334 3706 497 3777 disciplina,
524 3713 584 3757 tum
601 3712 687 3757 etiam
706 3712 885 3766 arsctoritate.
930 3705 994 3761 Noli
1015 3702 1158 3775 dubitare,
1185 3711 1252 3776 quin
1272 3710 1312 3759 ita
1332 3710 1476 3779 scripserit

165 3782 275 3840 Cicero:
301 3786 348 3851 qui
368 3785 529 3853 saepissime
549 3782 617 3833 haec
637 3785 797 3854 coniungis,
815 3799 892 3834 more
911 3790 941 3833 et
958 3786 1104 3845 instituto,
1130 3798 1206 3833 more
1225 3790 1255 3834 et
1272 3780 1478 3847 constectudine,

164 3861 283 3910 uicissim
303 3862 435 3909 instituto
454 3864 484 3907 et
501 3856 664 3927 disciplina,
682 3856 880 3908 consuetudine
899 3865 928 3909 et
945 3855 1101 3926 disciplina.
1138 3857 1193 3921 Pro
1208 3859 1340 3911 Deiotaro
1355 3871 1416 3928 cap.
1431 3864 1476 3913 10.
1566 3848 1569 3855 ’

166 3922 272 3984 lauteri
287 3938 382 4003 potius
400 3936 449 3982 aui
467 3936 509 3983 tui
527 3948 619 3984 mores
639 3929 870 4004 disciplinamque
895 3930 1029 3984 bledae.
1064 3932 1118 3985 Pro
1138 3930 1221 3984 Corn.
1241 3931 1329 3985 Balbo
1348 3946 1408 4004 cap.
1430 3933 1475 3987 19.

167 4007 195 4060 C.
215 4008 318 4058 Caesar
335 4012 524 4058 inveteratam
541 4005 682 4079 pacandam
698 4006 861 4058 barbariam
879 4026 916 4058 ea
934 4005 1139 4058 Gaditanorum
1163 4007 1288 4060 moribus
1314 4004 1486 4079 disciplina&

166 4099 214 4153 que
236 4081 349 4136 delevit.
376 4097 428 4154 pro
446 4081 546 4135 Flacco
565 4097 626 4154 cap.
646 4086 673 4138 5.
709 4082 777 4134 Nisi
794 4088 888 4135 nostri
906 4098 996 4135 mores
1021 4097 1050 4134 et
1074 4079 1223 4156 disciplina
1245 4082 1310 4153 plas
1332 4081 1473 4146 valerent,

166 4174 242 4228 qnam
259 4157 339 4209 dolor
358 4165 388 4208 et
404 4158 541 4210 simultas.
584 4158 621 4209 Et
646 4159 760 4224 iterum,
785 4173 846 4231 cap.
866 4164 892 4212 7.
937 4156 963 4210 Ο
987 4173 1092 4209 morem
1106 4150 1286 4228 praeclarum
1304 4170 1332 4209 et
1350 4154 1476 4230 discipli·

166 4247 242 4295 nam,
269 4250 351 4303 qaam
368 4250 389 4283 a
407 4231 558 4283 maioribus
575 4236 738 4304 accepimus.
775 4233 811 4286 iit
830 4232 914 4300 sithi,
938 4231 1005 4303 quid
1022 4249 1142 4303 rsaqrsam
1161 4233 1257 4285 domrss
1275 4236 1333 4283 ista
1348 4231 1474 4300 viderat,

166 4312 217 4358 nisi
230 4308 376 4378 pudicum,
395 4312 451 4358 niei
471 4325 507 4357 ea
526 4310 631 4378 optimo
649 4323 725 4359 more
745 4322 772 4362 et
791 4312 971 4361 sanctissima
990 4306 1146 4379 disciplina.
1223 4339 1226 4343 f

88 4406 91 4413 ·
201 4412 204 4417 >
233 4381 422 4437 car.xv11.
455 4381 603 4433 Platonem
618 4378 727 4451 ferrent
753 4410 911 4428 ---
937 4382 970 4434 de
998 4386 1154 4435 animarum
1181 4381 1394 4434 immortalitate
1417 4399 1475 4433 nors

166 4455 248 4508 saltem
266 4465 371 4509 sentire
395 4456 468 4508 idem
492 4456 567 4528 quod
583 4457 769 4529 Pythagoras,
793 4457 844 4508 sed
861 4462 1000 4511 rationem
1018 4461 1105 4508 etiam
1123 4458 1267 4523 attrdime,
1293 4473 1393 4529 quam,
1418 4460 1474 4507 nisi

166 4531 227 4603 quid
243 4531 328 4598 dicis,
341 4534 618 4604 praetermittamus]
644 4530 738 4585 Codex
757 4547 835 4596 tuus,
855 4537 977 4605 optimae
996 4536 1021 4585 is
1041 4529 1151 4604 quidem
1169 4548 1262 4598 notae,
1279 4537 1371 4605 primo
1390 4529 1474 4584 habet

165 4606 373 4680 Pythagoram
398 4624 467 4679 quae
487 4622 550 4661 vera
568 4606 653 4660 lectio
673 4622 723 4661 est.
759 4606 1024 4661 FeruntPlatonem
1042 4607 1115 4658 idem
1132 4613 1251 4659 sensisse
1268 4606 1342 4679 quod
1357 4604 1474 4679 syria-

166 4700 280 4752 gorams
298 4700 354 4736 noo
374 4680 565 4755 Pythagoras.
604 4681 781 4736 Sio'l'usonl.
803 4686 849 4750 iv,
866 4691 912 4743 20.
950 4683 1043 4755 Ipsum
1062 4683 1133 4734 illud
1149 4684 1295 4749 aemsdari,
1315 4681 1474 4734 obtrectare

166 4775 216 4809 non
233 4775 294 4810 esse
312 4759 427 4810 inutile:
455 4776 536 4830 quiem
560 4765 613 4810 atet
634 4776 664 4809 se
688 4775 745 4810 non
768 4757 842 4810 idem
866 4759 964 4812 videat
988 4767 1177 4827 consecutiam,
1203 4756 1277 4830 quod
1296 4756 1397 4819 alium
1424 4763 1475 4808 aut

167 4834 245 4884 alitem
262 4834 351 4899 idem,
370 4831 444 4905 qood
463 4851 502 4888 se.
540 4833 617 4887 Idem
636 4830 735 4885 deiude
753 4830 857 4900 codex,
874 4840 1000 4886 rationes
1019 4833 1160 4897 attulisse,
1178 4852 1255 4905 queas.
1292 4834 1473 4887 Rectissimet

170 4910 323 4982 complures.
336 4914 411 4963 euim
429 4909 522 4965 attulit
541 4908 637 4978 Plato,
655 4924 713 4962 uon
731 4912 852 4967 unicam.
889 4908 937 4963 Sic
953 4912 1096 4983 moacap.
1110 4911 1190 4967 xxi.
1228 4911 1268 4963 Ut
1285 4913 1360 4963 enim
1376 4913 1473 4962 ratio·
