3384 5359
494 337 555 410 5
638 307 1046 376 nmttotute.
1191 363 1196 370 .
1373 291 1501 402 „et

172 453 415 521 nummumset
439 453 542 518 tentat
568 454 739 538 po'e'mata,
773 461 806 514 et
831 450 906 516 loco
935 449 1137 535 adiungebat.
1191 450 1305 535 Itaque
1331 407 1503 532 postquam
1540 497 1546 527 ,

172 549 422 617 adamavihanc
442 547 533 633 qnasi
557 547 689 611 senilem
712 544 994 620 declamationem,
1018 543 1159 611 studiose
1178 542 1324 629 equidem
1345 553 1421 606 utor
1444 560 1503 603 no·

119 709 128 715 .
172 648 251 712 stris
265 638 401 730 ⁴politiae
424 645 512 720 sed,
528 640 631 707 sicubi
653 640 699 705 illi
724 640 928 718 defecerunt,
965 640 1050 705 verti
1075 639 1191 703 multa³
1213 640 1251 702 de
1275 635 1427 710 Graecis,
1463 654 1504 697 ns

173 763 241 828 quo
277 749 466 804 ornamento
502 736 535 800 in
569 736 634 807 hoc
667 756 785 821 genere
822 732 1044 817 disputationis
1081 744 1205 797 careret
1236 733 1352 798 Latina
1368 793 1370 804 ,
1385 726 1502 794 oratio.

174 838 229 918 27.
253 834 318 898 Sed
339 831 485 908 videsne,
510 833 627 914 politae
644 829 722 915 quid
743 828 818 893 mali
839 827 997 892 afferant?
1019 830 1244 891 Lamentautes
1265 827 1417 891 inducunt
1433 824 1519 890 lor-2

173 928 314 993 tissimos
343 927 450 1002 viros3
487 926 635 991 molliunt
663 924 785 989 animos
813 935 962 1000 nostros3
998 923 1042 988 ita
1068 934 1142 986 sunt
1163 918 1275 986 deiude
1301 922 1430 995 dulces,
1466 929 1504 983 ut

173 1043 241 1088 nou
264 1022 413 1104 legantur
438 1020 555 1094 modo,
580 1012 749 1083 sedetiam
775 1016 969 1081 ediscantur.
1004 1016 1078 1080 'Sic
1103 1017 1143 1078 ad
1164 1017 1275 1078 malam
1295 1011 1505 1082 domesticam

172 1114 371 1198 disciplinam
399 1113 561 1199 vitamque
588 1110 787 1175 umbratilem
814 1121 846 1173 et
872 1110 1035 1179 delicatam
1065 1131 1160 1195 quum
1186 1121 1389 1176 accesserunt
1408 1107 1502 1182 etiam

173 1201 312 1293 politae,
335 1229 455 1272 nervos
476 1228 586 1272 omnes
608 1205 735 1269 virtutis
753 1203 884 1269 elidunt.
930 1208 1031 1271 Recte
1051 1204 1150 1291 igitur
1169 1223 1187 1268 a
1205 1205 1342 1270 Platone
1364 1195 1514 1267 eductio--

172 1305 248 1366 tnrl
269 1324 312 1365 ex
330 1323 368 1366 ea
387 1301 532 1375 civitate,
556 1321 651 1385 quam
670 1298 852 1376 finxitille,
867 1322 972 1386 ‘quum
993 1319 1097 1364 mores
1120 1299 1279 1382 optimos⁵
1301 1309 1333 1361 et
1350 1295 1509 1379 optimum

172 1397 224 1461 rei
244 1395 390 1480 publicae
410 1408 526 1460 statum
549 1394 745 1480 exquireret.
790 1391 838 1458 At
860 1415 938 1462 vero
960 1415 1039 1468 nos,
1063 1392 1150 1459 docti
1168 1393 1328 1463 sciliceta
1353 1389 1501 1468 Graecia,

172 1492 254 1555 haec
275 1501 308 1554 et
330 1512 349 1574 p
370 1488 508 1573 pueritia
530 1488 684 1574 legimus,
721 1497 754 1552 et
782 1485 971 1551 discimuslt
1004 1488 1085 1552 hanc
1110 1486 1316 1552 eruditionem
1339 1484 1503 1577 liberalem

174 1595 209 1648 et
230 1581 405 1648 doctrinam
428 1594 587 1665 putamus.
756 1603 761 1606 ·

259 1677 343 1742 XII.
367 1677 420 1741 28.
443 1676 507 1741 Sed
524 1675 601 1761 quid
620 1675 728 1759 politis
745 1674 935 1741 irascimur?
958 1676 1098 1744 Virtutis
1118 1676 1280 1764 magistri,
1304 1672 1502 1760 philosophi,

172 1769 294 1835 inventi
312 1782 403 1846 sunt,
429 1769 484 1854 qui
498 1790 651 1832 summum
669 1772 783 1835 malum
802 1772 946 1837 dolorem
966 1771 1120 1837 dicerent.
1165 1773 1211 1837 At
1228 1782 1280 1846 tu,
1305 1770 1502 1843 adolescens,

173 1886 271 1948 qttum
293 1863 324 1927 id
345 1863 404 1927 tibi
424 1865 532 1947 paullo
553 1876 624 1927 ante
653 1865 785 1930 dixisses
806 1864 927 1942 videri,
951 1877 1087 1954 rogatus
1108 1887 1127 1932 a
1152 1887 1219 1939 me,
1245 1863 1379 1929 etiamne
1404 1861 1503 1925 tnaius
1541 1917 1544 1922 .

173 1981 271 2044 quam
292 1961 445 2035 dedecus,
469 1960 574 2044 verbo
597 1961 635 2023 de
657 1961 808 2023 sententia
828 1957 988 2024 destitisti.
1045 1960 1169 2044 Rogo⁷
1191 1961 1255 2025 hoc
1276 1957 1358 2021 idem
1383 1956 1504 2039 Epicu·
1604 1997 1608 2009 ‹

172 2072 264 2116 rum:
302 2051 402 2115 maius
433 2050 515 2115 dicet
543 2073 612 2116 esse
641 2054 754 2116 malum
784 2053 976 2117 mediocrem
1006 2056 1171 2131 dolorem,
1206 2071 1299 2139 quam
1334 2050 1503 2116 maximum

174 2149 336 2226 dedecus3
358 2146 389 2209 in
411 2146 484 2228 ipso
507 2147 587 2209 cuim
610 2148 767 2211 dedecore
790 2147 863 2210 mali
885 2145 963 2210 nihil
986 2168 1074 2223 esse,
1099 2146 1159 2210 nisi
1174 2159 1346 2232 sequnntur
1362 2147 1504 2213 dolores.
1611 2185 1614 2196 .

176 2241 258 2323 Quis
280 2240 381 2326 igitur
403 2240 581 2323 Epicurum
603 2240 747 2327 sequitur
770 2241 882 2317 dolor,
907 2261 1003 2325 quum
1025 2242 1089 2306 hoc
1109 2241 1213 2324 ipsum
1234 2240 1327 2319 dicit,
1352 2261 1505 2321 summum
1622 2285 1627 2296 «

172 2337 289 2399 malum
318 2337 408 2399 esse⁸
437 2334 606 2401 dolorem?
640 2356 706 2419 quo
737 2337 870 2419 dedecus
890 2336 998 2400 'maius
1029 2358 1045 2400 a
1076 2335 1276 2422 philosopho
1304 2337 1422 2400 nullum
1449 2355 1507 2398 ex-

174 2441 302 2512 specto.
363 2431 470 2512 Quare
492 2430 568 2493 satis
590 2429 665 2493 mibi
687 2429 818 2504 dedisti,
849 2450 946 2514 quum
968 2430 1179 2512 respondisti,
1203 2432 1303 2495 maius
1324 2429 1383 2494 tibi
1404 2427 1508 2494 videri
1534 2497 1537 2506 ι
1602 2486 1607 2490 .

173 2525 310 2600 malum,
335 2526 495 2601 dedecus,
527 2545 620 2607 qttam
643 2523 802 2592 tlolorem.
845 2525 937 2588 ‘Hoc
959 2522 1069 2608 ipsum
1085 2526 1168 2610 enim
1190 2525 1218 2588 si
1243 2526 1384 2604 tenebis,
1415 2523 1508 2590 intel·

88 2661 92 2668 ι
172 2617 274 2701 liges,
310 2639 402 2701 quam
433 2616 475 2681 sit
505 2617 720 2682 obsistendum
734 2617 870 2682 doloria
908 2629 1051 2681 nectam
1075 2621 1288 2704 quaerendum
1311 2634 1377 2696 est,
1412 2619 1509 2683 dolor
1613 2701 1618 2706 .

162 2712 331 2793 ‘malumne
352 2712 416 2790 sit,
441 2733 534 2798 quam
556 2711 728 2775 firmandus
751 2712 872 2775 animus
896 2714 935 2775 ad
957 2713 1102 2778 dolorem
1124 2713 1302 2779 serendum.
1347 2714 1400 2779 99.
1418 2711 1508 2780 Con·

174 2806 534 2871 cluduutratiuncules⁹
556 2806 678 2881 Stoici,
703 2827 762 2870 cur
775 2828 840 2871 non
865 2806 906 2870 sit
927 2808 1062 2870 malum:
1086 2807 1177 2892 quasi
1198 2807 1240 2871 de
1260 2809 1383 2884 verbo,
1408 2806 1509 2871 ιιοιιω

175 2901 216 2962 de
244 2920 280 2962 re
307 2900 484 2965 laboretur.
508 2936 550 2986 -ς
584 2900 670 2983 Quid
699 2917 748 2965 mc
772 2889 909 2985 decipis,
948 2899 1067 2965 Zeno?
1104 2903 1185 2966 Nam
1209 2922 1305 2988 quum
1328 2901 1380 2976 id,
1418 2898 1508 2984 quod
1539 2931 1542 2938 ι

172 2991 253 3056 nlihi
280 2993 436 3058 horribile
464 2994 609 3073 videtur,
648 3007 682 3059 tu
713 2995 843 3061 omniuo
874 2998 989 3072 malum
1020 3016 1091 3084 esse
1121 2995 1219 3081 negas
1234 2998 1269 3072 ¹¹,
1299 2992 1440 3079 capion
1476 3001 1509 3056 et

173 3086 259 3150 scire
280 3087 395 3170 cupio,
428 3109 493 3173 quo
516 3091 613 3158 modo
635 3087 686 3165 id,
721 3092 810 3174 quod
831 3111 894 3173 ego
919 3090 1128 3153 miserrimum
1151 3089 1345 3165 existimem,
1379 3109 1420 3152 nc
1443 3108 1509 3150 ma·

173 3182 240 3263 lum
262 3179 387 3263 quidem
409 3182 464 3247 sit.
487 3214 529 3228 -·
560 3183 650 3249 Nihil
673 3193 741 3258 est,
764 3182 886 3267 iuquit,
917 3176 1050 3259 malum,
1082 3182 1142 3247 nisi
1171 3185 1260 3267 quod
1286 3194 1381 3265 turpe
1411 3194 1507 3268 atquc

173 3272 327 3338 vitiosum
349 3286 411 3341 est.
432 3308 475 3321 -
507 3276 717 3359 Adineptias
740 3275 836 3348 redis.
893 3277 978 3344 Illud
1000 3273 1129 3354 enimv,
1167 3279 1256 3360 quod
1278 3299 1327 3341 tue
1349 3280 1518 3363 angebat,

172 3388 242 3431 non
263 3368 388 3434 eximis.
433 3371 509 3435 Scio
531 3372 677 3436 dolorem
708 3394 771 3436 non
795 3393 865 3437 esse
886 3371 1082 3458 nequitiam:
1120 3371 1226 3436 desine
1247 3371 1279 3435 id
1301 3392 1350 3436 me
1372 3375 1507 3436 docere:

173 3462 240 3525 boc
275 3464 373 3541 doce,
410 3465 553 3543 doleam,
591 3486 690 3530 necne
723 3467 905 3545 doleamfl,
943 3465 1021 3529 nihil
1057 3465 1225 3531 interesse.
1258 3497 1301 3522 -υ
1337 3460 1507 3551 Nunquam

1581 1349 1586 1393 ¹
1657 1339 1665 1360 .

176 3775 180 3782 =
207 3828 213 3835 ,
250 3757 290 3836 (t)
310 3760 358 3816 su
377 3761 437 3816 cu.
456 3762 523 3818 atu.
544 3760 633 3818 caut.
655 3760 725 3816 tut.
744 3761 798 3820 w.
818 3768 845 3820 2.
867 3790 905 3806 -
930 3779 988 3816 om.
1013 3770 1110 3816 nou.»
1136 3745 1363 3820 nausncvntt'.
1388 3789 1427 3806 -
1448 3777 1508 3816 aa.

171 3856 200 3889 r.
224 3846 255 3890 et
276 3841 424 3911 proprium
448 3856 592 3891 numerum
618 3837 687 3891 Cdd
711 3836 776 3909 ttllq.
796 3835 910 3912 (probb.
931 3837 1024 3891 Bentl.
1046 3835 1151 3912 Roob.)
1170 3837 1205 3890 D.
1227 3845 1253 3894 1.
1273 3838 1326 3897 W.
1346 3840 1377 3891 in
1394 3834 1447 3890 Ed.
1487 3856 1508 3890 r.
1567 3873 1576 3900 s

173 3911 223 3986 [].
244 3915 335 3967 {lecte
354 3911 505 3968 vindicavit
526 3912 591 3967 Sch.
611 3920 637 3969 2.
658 3913 704 3984 (-
726 3911 806 3967 Pttto
826 3920 855 3966 ct
869 3919 1018 3984 proprium
1043 3921 1141 3965 noster
1164 3920 1195 3965 at
1220 3913 1238 3967 l.
1256 3932 1285 3984 p.
1309 3910 1353 3989 ll.)
1403 3912 1428 3977 (⁹
1462 3855 1509 3967 lm

174 3990 208 4042 tt.
234 3988 285 4044 Gr.
310 3987 371 4043 Col.
398 3989 464 4044 altr.
492 3988 543 4042 SE.
574 3987 663 4042 Gcbh.
690 3988 773 4062 chq.
798 4017 838 4031 -
862 3990 950 4040 electa
976 3987 1049 4045 011.
1071 3988 1146 4043 Lctd.
1167 3988 1353 4048 Puucvmt..
1402 3986 1427 4061 (³
1461 3985 1509 4041 Sic

171 4062 251 4120 EW.
270 4063 381 4118 lllttcn.
401 4093 440 4107 —·
456 4069 534 4117 verti
551 4069 625 4118 ent'm
644 4064 733 4116 mima
752 4067 784 4119 tt.
804 4062 832 4117 b.
854 4063 999 4119 Purser.
1020 4063 1111 4118 Gebh.
1133 4074 1159 4121 1.
1179 4093 1217 4110 -
1234 4069 1312 4116 oertt
1330 4071 1405 4141 certa
1417 4065 1509 4117 malta

165 4135 244 4192 edd.
270 4138 335 4211 aliq.
362 4139 440 4212 prob.
463 4141 556 4210 ¹Bouh.
581 4168 619 4182 -
644 4137 722 4192 vorti
747 4144 805 4211 lpse
830 4139 921 4191 mttlta
940 4139 1033 4194 ΜΗ).
1053 4139 1123 4194 Loss.
1143 4145 1170 4195 2.
1203 4138 1306 4195 Omnia
1327 4155 1361 4194 en
1380 4137 1511 4213 interpol.

173 4209 214 4287 (⁴)
233 4213 281 4268 sto
301 4215 365 4269 Mt..
386 4214 467 4287 Seqq.
486 4245 525 4258 --
543 4215 683 4268 ducuntur
705 4217 735 4268 ll.
755 4214 821 4270 stit.
841 4215 920 4272 ABV.
940 4245 979 4259 --
995 4215 1125 4267 dicuntur
1146 4216 1201 4270 PC.
1221 4245 1259 4259 -
1278 4218 1389 4289 expulsi
1406 4214 1510 4268 dicun·

173 4298 224 4342 tur
236 4287 288 4361 (lle
308 4295 350 4342 lus
364 4291 540 4356 Bouhierlil)
553 4289 606 4343 Ed.
627 4305 679 4344 tet.
700 4292 853 4345 Bouhierii.
868 4290 921 4345 SE.
941 4319 978 4333 -
998 4291 1127 4344 dictentur
1147 4296 1228 4344 electi
1246 4291 1318 4349 011.
1337 4320 1376 4336 ·-
1390 4296 1511 4344 tiletum·

173 4372 223 4418 tur
242 4309 312 4421 C2d.
332 4367 448 4420 Davisii.
491 4363 530 4442 (⁵)
550 4385 587 4419 =
606 4369 726 4438 optimos
745 4383 789 4419 mo
807 4384 836 4420 as
855 4381 920 4420 com
937 4366 1060 4421 Bentleii
1082 4365 1149 4421 1Ἁά.
1168 4367 1204 4422 D.
1254 4364 1291 4440 (l)
1311 4394 1348 4411 -
1367 4365 1511 4422 condiret-

173 4458 236 4492 πω
256 4440 327 4498 Ο1ι.
346 4470 386 4483 -
403 4441 550 4493 Mirtum
569 4441 610 4496 M.
631 4440 714 4495 solut.
733 4455 772 4498 mc
791 4384 922 4495 lactasse:
951 4441 1117 4509 ediscimus,
1146 4446 1188 4496 nti
1208 4458 1305 4515 supra,
1336 4461 1364 4496 et
1389 4442 1451 4499 Lm.
1474 4447 1509 4505 3,

174 4516 204 4585 §.v
222 4522 267 4581 5.,
294 4516 343 4570 nhi
370 4516 442 4571 idem
468 4534 546 4570 error
565 4520 595 4587 lu
616 4519 647 4570 Δ.
697 4515 893 4590 (⁷)-1t03a
913 4518 979 4573 Mt.
1001 4520 1101 4571 llursut
1121 4518 1234 4576 Ern..1.
1255 4513 1285 4575 Ε.
1337 4518 1377 4588 (⁸)
1395 4541 1433 4575 ε
1451 4533 1511 4570 asso

174 4592 281 4643 malton
298 4592 447 4647 PABSEC.
485 4590 523 4667 (l)
544 4593 590 4647 Sit
609 4594 641 4645 ll.
660 4591 716 4646 Alit
739 4590 808 4647 edd.
826 4593 864 4647 ·D.
886 4601 912 4651 1.
930 4594 983 4650 W.
996 4598 1022 4649 2.
1042 4623 1080 4636 -
1098 4593 1266 4645 ratiunculis
1279 4591 1510 4648 Pauseevntt.
1587 4627 1591 4632 ‚
1682 4584 1684 4592 ’

175 4665 270 4721 Gchh.
296 4667 366 4721 Latt
416 4665 467 4741 (1⁰)
493 4696 529 4711 ·-
554 4666 605 4719 aad
627 4685 685 4719 nort
710 4666 781 4726 01¹.
803 4697 838 4711 -
858 4687 892 4721 ac
911 4686 968 4721 nott
986 4670 1124 4724 Matthiae
1144 4686 1219 4742 susp.
1239 4666 1315 4723 Ant.
1335 4669 1392 4724 Cio.
1411 4666 1511 4722 orate.
1606 4683 1611 4692 ’

78 4885 92 4900 ,
172 4742 379 4885 bilheil
393 4742 1512 4894 §.titt.t?'}12'5'⁶.‘.‘†”².l¹⁵nuthmsstth'tt‘tl·eills?tlt:
1625 4775 1630 4788 ’

175 4893 323 4949 Ciceronis
344 4910 443 4961 utrm,
465 4908 493 4948 ct
512 4891 583 4949 Cdd.
1293 4929 1296 4940 ι
