3384 5359
234 272 298 337 sss
383 331 387 339 ,
659 252 886 334 unn'tun'n
908 266 1125 332 nnsnnnn.

309 413 410 466 *Catu
433 409 543 465 XXIX.
576 409 715 481 Omnique
737 407 941 480 pulchritudine
965 413 1095 478 virtutis]
1128 406 1216 463 Codd.
1242 407 1365 463 Gallicus
1391 408 1576 481 Regiusqme,

232 493 378 559 omniaque
395 483 541 539 mendose:
559 484 609 537 sed
629 505 661 537 es
680 504 713 538 eo
731 483 832 538 utendo
848 481 966 537 nume
983 484 1193 559 corrigendum,
1212 484 1412 555 OMNISQUE
1426 483 1577 555 patelari-

234 565 331 617 tudine
349 566 483 612 virtntis:
502 576 532 613 ut
553 559 641 625 infin,
665 577 725 631 cap.
745 563 791 619 Iso.
829 558 869 610 Et
892 564 923 611 ln
942 564 1017 610 omni
1037 565 1145 611 virtute
1162 577 1309 631 ponamus.

236 652 240 663 ¹
307 634 419 691 *ibid
453 635 509 688 Sed
539 635 629 687 atius:
669 651 743 688 nunc
774 635 820 686 nit·
851 639 889 684 sis
916 638 1037 705 animus]
1073 632 1157 689 MSS.
1190 640 1279 689 nostri
1311 650 1367 686 non
1401 648 1576 706 agnoscunt

231 733 304 767 num
327 712 382 764 uhi.
410 712 492 783 Lege
515 729 596 782 ergo,
626 711 681 762 Sed
702 711 792 773 allas,
821 709 868 759 nbi
888 715 929 761 sit
949 715 1075 771 antrnns5
1100 719 1176 762 certe
1199 710 1307 782 quidem
1328 714 1358 760 in
1381 717 1409 760 te
1433 717 1484 761 est.
1530 708 1574 760 ln

231 794 340 860 capite,
367 792 474 857 inquit,
493 801 533 839 est
551 790 726 852 animumne
743 782 870 858 equidem
886 782 982 840 credo:
1005 784 1052 839 sed
1068 787 1166 868 Alias,
1190 786 1238 838 ubi
1259 791 1313 851 sit,
1335 782 1572 857 disputabimusc

121 922 125 933 ,
232 873 323 928 certe,
348 861 420 932 quod
442 880 515 914 uunc
533 859 652 926 suflicit,
674 866 704 911 in
728 869 756 912 te
776 868 829 913 est.

286 964 289 971 ·
310 935 423 991 sibit.
448 937 513 987 Etsi
530 940 645 1005 ignores
663 945 692 987 et
710 936 799 987 locssm
817 943 845 986 et
855 932 970 1004 faciem
985 965 1004 976 -
1018 933 1140 991 Eltamsi
1155 939 1215 986 eins
1231 940 1346 1003 ignores
1367 934 1506 984 stlocum
1533 939 1572 983 et

224 1013 372 1088 formam]
407 1012 490 1066 MSS.
517 1016 605 1065 nostri
632 1029 726 1063 omues
752 1010 849 1063 ordine
879 1014 1004 1062 inverso:
1034 1009 1099 1061 Etsi
1125 1015 1183 1061 eins
1210 1014 1326 1079 ignores
1354 1017 1383 1060 et
1407 1009 1499 1061 locsssn
1531 1016 1572 1061 et

225 1092 337 1164 faciem
357 1119 376 1130 -
397 1092 508 1138 etiarnsi
528 1093 644 1156 ignores
664 1095 693 1137 et
712 1086 808 1154 iocttmj
821 1093 850 1135 et
861 1082 1003 1156 formam.
1042 1085 1167 1139 Omnino
1190 1089 1302 1139 rectius.

307 1160 420 1216 albii.
446 1163 506 1213 Nec
526 1167 643 1213 interire
665 1165 767 1231 igitur]
795 1159 882 1213 Codd.
905 1158 1006 1214 Gallic.
1030 1160 1078 1212 nii
1101 1164 1217 1211 interire
1240 1165 1342 1228 igitur.

236 1268 240 1272 ·
307 1234 421 1291 iibri.
448 1238 537 1306 Quasi
554 1236 690 1288 discessus
705 1244 733 1288 et
749 1241 867 1288 secretio
883 1242 911 1285 et
927 1234 1048 1309 direptus
1065 1252 1161 1286 earnm
1173 1238 1317 1307 partium]¹
1336 1232 1431 1288 Codex
1446 1235 1572 1287 Britan-

231 1319 329 1378 nicus,
346 1311 583 1365 DlREMPTUS:
604 1330 630 1364 et
650 1317 691 1365 sio
712 1329 777 1363 cum
793 1309 927 1363 Lambino
948 1324 976 1364 et
994 1312 1123 1364 blanutio
1144 1313 1332 1382 reponendum
1351 1325 1403 1363 est.
1444 1312 1566 1382 Quippe

231 1405 340 1466 partes,
364 1402 434 1458 quae
454 1403 517 1439 aute
537 1391 681 1440 interitum
702 1390 841 1439 iunctione
858 1386 949 1456 aliqua
969 1384 1150 1453 tenebantur,
1170 1403 1219 1459 per
1235 1390 1380 1439 interitum
1396 1401 1455 1438 non
1471 1386 1569 1457 diripi

233 1481 324 1530 certe,
349 1462 397 1515 sed
419 1462 514 1513 dirimi
535 1479 598 1517 sunt
621 1460 762 1517 dicendas.
1008 1477 1012 1484 ·
1057 1476 1060 1483 ⁴

307 1535 422 1592 aluid.
450 1536 489 1588 Et
508 1556 588 1606 qtsnm
605 1556 694 1608 paene
716 1542 747 1589 in
771 1554 856 1587 mann
877 1532 1058 1605 mortiferum
1079 1533 1150 1586 illud
1170 1549 1275 1588 teneret
1293 1534 1435 1606 poetdnm]
1467 1532 1563 1588 codd.

231 1619 321 1669 nostri
342 1613 397 1667 duo
419 1617 576 1675 veterrimi,
602 1612 757 1666 Tenens.
797 1610 878 1681 Quod
903 1628 1020 1682 sequor,
1051 1615 1140 1663 eiecto
1158 1610 1208 1662 illo
1228 1628 1326 1680 pssum:
1354 1608 1393 1661 Et
1410 1628 1503 1682 paene
1527 1615 1566 1660 irs

232 1693 393 1743 maissiam
412 1686 594 1758 mortiferum
612 1687 682 1738 illud
700 1696 797 1739 tenens
816 1686 951 1759 poctdnm.
991 1686 1059 1740 Mox
1082 1703 1132 1758 pro
1154 1685 1303 1737 ascendero
1322 1687 1411 1738 codex
1430 1684 1562 1740 Gallicus

233 1762 387 1817 escendere.

238 1832 241 1837 ⁴
310 1839 389 1905 Cur.
408 1838 503 1891 XXX.
530 1837 607 1888 Nom
625 1840 719 1906 quise
738 1835 866 1887 humanis
886 1839 968 1886 vitiis
987 1837 1270 1898 contaminavissent,
1294 1842 1324 1884 et
1340 1851 1370 1884 se
1389 1842 1469 1886 totos
1487 1834 1562 1886 libi-

233 1912 343 1985 dinibus
362 1911 517 1977 dedissent,
535 1910 632 1981 quibus
650 1916 775 1975 caecati,
800 1911 873 1964 velut
893 1910 1052 1962 domesticis
1078 1914 1151 1961 titiis
1175 1917 1258 1980 atque
1269 1908 1384 1978 flagitis
1409 1927 1439 1960 se
1461 1914 1562 1981 inqui-

232 1994 394 2054 navissent,
413 1986 461 2037 arel
475 1986 541 2057 llep.
566 1985 701 2037 violanda
712 1983 839 2055 frondes
857 1985 1040 2056 inexpiabiles
1055 1989 1260 2055 concepissent,
1285 1988 1321 2033 iis
1336 1983 1448 2036 devium
1464 1985 1562 2055 qnod-

233 2065 300 2117 darn
321 2070 375 2115 iter
398 2079 471 2126 esse,
500 2061 634 2113 seclusam
657 2080 675 2112 a
697 2063 813 2112 concilio
832 2060 958 2130 deornm]
985 2062 1018 2113 In
1046 2059 1089 2111 his
1116 2059 1208 2123 perbis
1235 2074 1290 2111 non
1320 2064 1358 2111 ita
1384 2060 1484 2112 multia
1515 2076 1562 2114 tes·

209 2142 211 2145 ’
233 2154 362 2212 quaterve
384 2154 398 2188 a
418 2137 630 2189 dormitantibus
650 2135 770 2188 librariis
791 2151 936 2208 peceatum
957 2153 1015 2189 esse
1035 2139 1170 2206 suspicor.
1189 2133 1261 2187 *Sed
1280 2139 1399 2206 primum
1418 2151 1561 2208 apponam

233 2222 373 2288 integrum
391 2212 502 2278 locum,
523 2227 554 2263 ut
576 2213 645 2264 mihi
667 2210 813 2282 legendum
834 2209 956 2271 videtum
980 2227 1037 2263 tum
1058 2208 1091 2262 de
1112 2215 1217 2262 ratione
1236 2209 1462 2263 emendationum
1482 2209 1561 2262 side-

233 2290 336 2344 bimus.
383 2287 482 2341 Scribo
507 2280 611 2358 ,igiturss
640 2286 716 2337 Nam
732 2290 778 2356 qui
795 2304 824 2336 se
842 2284 1057 2342 IMMANIBUS
1074 2290 1157 2337 vitiis
1172 2289 1454 2349 contaminavissent,
1480 2284 1560 2338 AUT

130 2392 134 2397 ·
232 2385 263 2419 se
287 2373 362 2418 totos
382 2360 540 2415 libidinibus
562 2361 825 2427 DEDlDlSSENT,
858 2360 954 2431 qtsilens
973 2365 1095 2425 caecati,
1125 2360 1201 2413 VEL
1219 2359 1378 2415 domesticis
1400 2360 1559 2431 sturnis

233 2449 315 2512 atque
335 2438 462 2510 flagitiis
483 2454 513 2487 se
546 2439 785 2507 inqssinavissent,
819 2434 868 2487 vel
890 2453 948 2506 rep.
974 2434 1109 2487 violanda
1126 2432 1256 2506 frarsdes
1282 2436 1467 2506 inexpiabiles
1484 2453 1560 2487 con·

232 2511 576 2659 nln‘sdd‘m
593 2510 966 2643 titdssit‘iitiit‘i
993 2508 1560 2640 iiiiiillffliti‘lliliizi:

974 2625 983 2653 ,
1206 2623 1214 2640 .

233 2670 309 2718 vitia
328 2678 402 2728 suut,
422 2660 490 2734 quae
510 2665 539 2714 iu
562 2665 684 2733 quemvis
707 2663 848 2722 hominem
864 2659 982 2726 cadunt,
1003 2677 1071 2733 quse
1090 2675 1204 2714 assuras
1224 2660 1360 2715 humanae
1376 2661 1557 2715 imbecillitas

235 2755 252 2793 a
271 2756 301 2794 se
320 2735 463 2791 deffendere
483 2752 511 2789 es
530 2735 665 2810 depellere
684 2753 741 2789 non
760 2751 861 2810 potest.
900 2736 1015 2790 Ovidius
1036 2738 1107 2800 Fast.
1128 2737 1158 2801 1,
1177 2754 1201 2788 r.
1218 2738 1282 2794 299.
1305 2733 1339 2787 de
1359 2741 1558 2792 Astronomise

234 2811 425 2870 inventoribus
447 2811 578 2882 loquens,
603 2826 744 2883 tamquam
770 2828 853 2885 supra
875 2811 1020 2864 mortalem
1041 2809 1232 2865 conditionem
1254 2818 1368 2880 evectis,

459 2885 596 2940 Credibile
614 2894 657 2937 est
675 2887 740 2939 illos
753 2892 866 2958 pariter
885 2891 1013 2959 vitiisque
1032 2887 1155 2959 locisque

437 2988 445 3009 s
532 2962 630 3014 Altins
648 2961 773 3014 humanis
793 2967 948 3014 exseruisse
965 2970 1055 3034 capnt.

201 3076 204 3081 -
236 3042 323 3110 Atqui
342 3036 398 3091 hoc
418 3036 481 3090 loco
502 3052 558 3089 nnn
577 3034 610 3089 de
629 3034 815 3089 mediocrIbus
838 3052 866 3089 et
890 3036 1065 3108 ignoscendis
1088 3041 1163 3090 vitiis
1183 3037 1346 3090 Ciceronem
1369 3035 1448 3108 loqui
1467 3037 1559 3088 mani-

234 3112 337 3167 iestum
357 3129 413 3167 est:
440 3113 506 3165 hinc
525 3116 600 3164 enim
620 3111 781 3164 mortalium
802 3114 975 3184 turpissimos
994 3128 1022 3165 et
1045 3117 1332 3165 contaminatissimas
1351 3116 1447 3184 ponit,
1477 3111 1559 3163 illino

236 3192 406 3241 castissimos
426 3191 686 3257 sanctissimosque,
699 3202 824 3259 'quorum
843 3187 894 3239 hos
913 3183 948 3237 ad
966 3183 1080 3241 deorum
1100 3186 1178 3241 sedes
1196 3203 1270 3246 recta
1287 3192 1327 3239 ire
1345 3202 1559 3259 postmortem,

236 3262 299 3316 illos
323 3267 376 3315 lter
398 3260 506 3315 derium
529 3277 670 3334 capessere
693 3277 707 3311 a
731 3260 819 3313 beatis
842 3259 952 3314 sedibus
978 3278 1060 3333 quam
1081 3268 1199 3316 maxime
1222 3262 1369 3315 diversum.
1409 3265 1481 3333 Lego
1503 3264 1558 3332 igi-

237 3353 300 3405 tnr,
322 3334 395 3408 quod
415 3342 539 3409 proxime
558 3334 593 3389 nd
609 3335 746 3389 librorum
764 3340 928 3407 scripturam
948 3338 1056 3389 videtur
1075 3337 1214 3402 accedere,
1233 3335 1452 3391 lntMleisus
1466 3339 1559 3404 vitiis,

237 3429 293 3486 quo
312 3412 437 3484 epitheto
459 3412 589 3465 Horatitis
612 3428 706 3465 noster
729 3427 794 3464 usus
815 3425 857 3464 est
879 3412 1004 3467 Sermon.
1025 3412 1069 3477 11,
1091 3415 1117 3469 ts.
1139 3432 1164 3469 v.
1188 3414 1232 3470 76,

157 3548 159 3553 ,
464 3490 588 3540 ltnmane
610 3495 653 3539 est
675 3490 772 3539 vitium
794 3485 864 3537 dare
886 3487 976 3539 millia
997 3495 1081 3538 terna
1102 3487 1227 3543 macello.

237 3561 308 3618 Mox
329 3559 406 3632 lego,
431 3560 507 3614 AUT
527 3580 557 3612 se
577 3569 653 3614 totos
677 3576 731 3615 cet.
761 3561 833 3613 Non
855 3566 929 3614 euim
948 3561 1076 3628 eosdem,
1100 3561 1148 3615 sed
1168 3562 1289 3615 diversos
1308 3559 1459 3634 intelligtu
1481 3565 1561 3636 prio-

236 3655 299 3704 res,
321 3635 489 3699 seeieratos,
512 3634 668 3702 fraudibus,
691 3639 810 3707 rapinis,
836 3635 965 3688 caedibus
982 3652 1150 3709 grassantes:
1174 3643 1356 3709 posteriores,
1375 3637 1558 3710 voluptarios,

238 3718 285 3785 qui
309 3715 397 3764 ventri
419 3725 447 3763 et
471 3709 550 3778 gulae
576 3726 603 3764 et
626 3709 788 3764 libidinibus
810 3716 942 3766 serviunt.
988 3713 1069 3765 Certe
1093 3714 1159 3764 ltaec
1179 3716 1245 3765 vitia
1265 3711 1469 3783 quodammodo
1490 3729 1559 3766 oon·

160 3843 164 3851 ,
240 3784 430 3848 traria'sunt,
451 3802 503 3837 nec
523 3783 604 3838 iacile
628 3791 657 3839 in
676 3803 761 3838 unum
780 3785 952 3858 eundemque
971 3786 1112 3838 bominem
1133 3785 1243 3840 cedunt.
1283 3789 1354 3859 Lege
1376 3785 1475 3840 deiude
1495 3788 1559 3843 DE-

238 3859 438 3916 DinissENT
457 3876 521 3912 cum
540 3862 667 3913 victorio
688 3875 714 3912 et
736 3859 833 3913 codice
852 3878 886 3912 es
911 3865 965 3915 tuis
988 3862 1117 3929 meliore,
1139 3861 1212 3934 quod
1231 3876 1257 3915 et
1278 3863 1323 3915 hio
1342 3877 1368 3915 et
1390 3878 1471 3935 saepe
1489 3862 1558 3916 sliss

240 3951 384 4010 perperam
404 3940 561 3988 itutuntavit
580 3933 752 3988 Gebhardus.
789 3935 901 3988 Dedere
919 3940 995 3988 enim
1014 3941 1102 3990 maius
1123 3935 1187 4008 quid
1206 3952 1232 3990 et
1248 3938 1448 4008 significantius
1469 3953 1559 4004 notat,

238 4015 321 4083 quam
339 4010 426 4072 dare,·
452 4029 501 4082 pro
520 4014 630 4081 captivo
651 4028 679 4063 se
701 4008 824 4074 tradere,
849 4016 877 4062 iu
896 4010 1217 4076 servitutem‘addioere,
1244 4000 1412 4089 mancipare.
1450 4012 1558 4065 Confir-

238 4102 332 4139 matur
351 4087 404 4139 hoc
426 4100 454 4137 et
478 4103 511 4137 ex
533 4087 665 4138 adiuncto
685 4093 762 4136 totos
780 4084 967 4137 dedidissent:
993 4090 1033 4138 sic
1054 4087 1156 4140 Noster
1176 4084 1209 4139 de
1230 4087 1348 4159 Legibus
1369 4091 1410 4153 ll,
1435 4092 1462 4141 2.
1501 4091 1558 4144 Pro

238 4180 293 4232 quo
311 4166 399 4226 snori,
425 4167 455 4211 et
480 4163 524 4210 cni
544 4178 596 4210 nos
626 4174 698 4213 totos
728 4159 825 4212 dedere
853 4160 988 4212 debemtn.
1026 4159 1068 4214 Ad
1092 4164 1214 4215 Atticum
1233 4162 1292 4227 IX,
1315 4166 1341 4220 li.
1379 4162 1436 4214 Sed
1452 4171 1557 4228 tamen,

238 4253 273 4286 ne
293 4253 335 4286 me
355 4250 445 4288 totum
462 4234 637 4303 aegritudini
656 4232 770 4298 dedam,
789 4242 897 4306 srtmpsi
919 4235 986 4287 milti
1004 4236 1138 4305 quasdam
1157 4246 1298 4311 tamqnam
1319 4236 1430 4300 θέσεις.
1446 4236 1560 4293 Tuscnl.

238 4311 337 4375 1259.
374 4311 447 4361 Huic
473 4309 598 4361 discendi
622 4310 822 4381 qtsaerendiqne
848 4309 961 4363 divinae
984 4309 1164 4363 delectationi
1189 4327 1248 4365 toto
1270 4329 1301 4363 se
1322 4315 1416 4366 animo
1439 4310 1559 4365 dedidis-

130 4448 133 4455 .
239 4400 315 4447 sent;
344 4383 390 4437 ubi
421 4390 522 4437 iterum
546 4401 642 4437 contra
662 4388 816 4437 victorium
849 4390 876 4437 e't
908 4400 968 4438 tuos
995 4383 1105 4438 codices
1130 4384 1311 4442 Gebhardum
1337 4392 1459 4459 sequeris
1486 4387 1559 4440 male

241 4459 457 4530 interpellantem
487 4457 635 4513 dedissent.
653 4484 656 4495 ·
675 4458 804 4530 Sequitur
834 4456 978 4533 deinceps,
1010 4460 1114 4530 Qniitss
1142 4467 1266 4529 caecati,
1300 4461 1373 4515 velut
1400 4462 1561 4515 domesticis

238 4539 315 4588 vitiis
334 4542 417 4603 atqtse
427 4534 556 4602 flagitiis
574 4552 604 4584 se
622 4540 860 4605 inquinavissent:
888 4536 940 4588 boc
962 4552 1020 4600 est,
1041 4536 1138 4605 qtsiins
1156 4554 1203 4589 seu
1226 4537 1393 4603 sceleribus,
1417 4543 1474 4591 sive
1495 4538 1559 4590 libi-

240 4608 352 4663 diuibus
375 4606 451 4680 (natu
472 4607 505 4659 ad
528 4625 674 4680 utrumque
695 4610 749 4661 hoc
770 4608 897 4684 refertur)
916 4611 993 4661 oelttt
1011 4609 1172 4667 domesticis
1195 4615 1270 4665 vitiis
1293 4628 1346 4667 oet.
1385 4611 1477 4679 Quid,
1502 4628 1560 4665 tna·

194 4698 196 4705 ’
239 4683 315 4751 lum,
337 4680 404 4736 illud
422 4682 518 4735 vensi
544 4701 579 4735 nn
599 4684 717 4749 scelera,
738 4682 863 4749 fraudes,
889 4690 1001 4758 rapinae
1020 4702 1083 4738 suns
1103 4686 1256 4739 domestica
1276 4689 1362 4742 vitis?
1392 4692 1479 4745 immo
1494 4704 1558 4741 veto

241 4760 310 4811 haee
329 4774 359 4810 ut
380 4755 518 4810 disiuncta
540 4774 567 4811 et
589 4756 726 4831 disparata
752 4774 900 4832 ponuntur.
948 4763 982 4812 ie
1002 4778 1019 4811 o
1042 4778 1106 4832 ergo
1128 4762 1265 4815 levissima
1287 4766 1460 4828 mutatione,
1489 4763 1559 4815 vni.

239 4832 396 4905 dontesticis
406 4832 549 4907 flagitiis,
569 4836 610 4889 ael
628 4852 659 4885 rs
675 4834 785 4906 publica
799 4833 945 4891 violando.
984 4778 1096 4907 duoqui
1114 4839 1247 4911 impedita
1267 4855 1378 4914 prorsus
1396 4843 1489 4893 oratio
1509 4853 1559 4902 est,
