3384 5359
168 388 172 401 ,
228 321 290 387 uso
749 282 1025 389 usuunoxs.

226 487 267 530 no
290 485 344 528 sua
367 463 492 552 quidem
517 462 658 548 pulavit,
692 487 773 551 quae
794 486 853 530 uos
876 464 1069 548 appellamus
1092 464 1213 529 etism¹
1241 468 1338 532 bona.
1383 471 1472 552 Quid
1500 486 1547 538 est

227 558 346 641 igitur,
378 572 509 645 quises-et
531 561 662 643 aliquis,
697 559 861 626 bonomi?
897 558 931 622 si
952 558 1029 643 quid
1049 571 1134 622 recte
1156 560 1193 623 fit
1214 566 1246 623 et
1266 563 1399 632 honeste
1422 575 1454 627 st
1475 589 1544 631 cum

228 653 367 730 virtuto,
391 654 424 716 id
444 657 524 717 bene
546 654 634 730 fiori,
659 677 735 719 vore
750 654 903 727 dicim-³3
927 658 996 728 etl,
1020 655 1107 738 qssod
1127 667 1250 718 neotum
1269 668 1305 741 pt
1326 659 1492 722 honestum
1514 674 1546 724 et

227 767 298 809 oum
321 746 434 811 virtute
456 760 522 825 ost,
559 749 590 812 isi
611 751 712 815 solum
736 751 852 832 opinor
873 751 1004 813 bouum.
1057 746 1105 812 ΙΙ.
1145 752 1197 811 10.
1232 744 1296 814 Sid
1317 751 1395 814 liaeo
1419 753 1541 817 rides-il

226 852 360 924 possunt
392 843 616 920 obscuriores,
654 866 748 929 quum
783 842 925 907 loutius⁷
961 842 1175 924 disputantur:
1220 843 1287 907 vita
1319 845 1414 930 atquo
1446 848 1539 911 iactis

227 938 410 1001 illustranda
432 948 505 1000 sssut
526 960 718 1003 summorum
741 937 883 1002 visorum
905 939 999 1013 haec,
1024 958 1104 1022 quae
1119 937 1244 1000 uerbis⁸
1259 939 1423 1014 subtilius,
1448 963 1538 1023 quiam

227 1032 304 1095 satis
333 1031 604 1112 est⁹‚sdisputaui
633 1031 790 1095 videntur.
836 1032 964 1111 staeso
994 1030 1075 1093 euim
1098 1053 1116 1093 a
1138 1030 1283 1109 vobis¹⁰,
1318 1054 1390 1095 nsum
1413 1033 1541 1095 ullsm¹¹

227 1116 452 1208 cogilaiionem
475 1124 621 1188 habuisse
643 1125 807 1188 videantur
828 1125 868 1200 ii,
902 1124 958 1209 qui
984 1125 1065 1186 hauc
1094 1144 1160 1186 rem
1184 1125 1342 1206 publicam
1366 1138 1427 1189 ism
1451 1148 1540 1207 pras·

227 1219 312 1281 clare
333 1218 492 1283 innodatam
517 1219 610 1284 uobis
631 1220 844 1303 reliquerunt,
883 1229 936 1281 aust
958 1218 1026 1280 asuri
1047 1229 1078 1281 et
1099 1218 1224 1302 argenti
1242 1220 1265 1258 ¹²
1294 1222 1333 1281 ad
1359 1219 1538 1296 avaritiam,

227 1323 281 1374 aut
303 1312 558 1375 amoenitatum¹³
580 1315 619 1375 ad
642 1312 897 1386 delectationem,
933 1322 986 1373 aut
1013 1310 1216 1394 supellectilis
1249 1313 1454 1389 suidelicias,
1489 1325 1540 1377 aut

228 1405 391 1493 epularum
428 1409 466 1468 ad
502 1406 705 1488 voluptates?
749 1408 801 1469 ii.
838 1403 955 1469 Ponite
993 1417 1063 1467 aute
1099 1406 1209 1468 oeulos
1225 1406 1251 1446 11
1287 1406 1538 1492 unumquemque
1573 1396 1581 1402 ’

225 1520 350 1585 regum.
395 1500 503 1563 Vultis
525 1521 542 1563 a
565 1498 766 1566 Romulo¹⁵?
802 1496 898 1561 visitis
925 1508 999 1580 post
1027 1497 1193 1560 liberam¹⁶
1221 1498 1399 1573 civitatem,
1434 1503 1473 1562 ab
1502 1501 1540 1564 iis

224 1592 322 1675 ipsis,
357 1592 409 1677 qui
431 1593 647 1657 liberaverunt
677 1592 846 1675 [eam¹⁷?]
884 1591 1008 1671 Quibus
1031 1593 1153 1653 tandem
1176 1591 1327 1675 gradibus,
1349 1594 1505 1657 Romulus
1516 1596 1539 1634 ¹⁸

224 1687 396 1750 escendit¹⁹
417 1686 450 1749 in
472 1686 615 1750 caelum?
645 1687 743 1761 iisne,
767 1707 849 1770 quiae
871 1685 922 1748 isti
943 1687 1026 1748 boua
1050 1686 1234 1767 appellant?
1263 1709 1300 1749 au
1323 1689 1419 1751 rebus
1443 1688 1539 1772 gestis

225 1791 321 1865 atque
344 1778 535 1843 virtutibus?
562 1780 670 1861 ossii?
693 1802 709 1843 a
733 1781 838 1845 Numa
860 1778 1020 1860 Pompilio
1029 1778 1081 1840 ²⁰?
1109 1778 1249 1842 minusne
1271 1791 1378 1863 gnatas
1400 1779 1460 1842 diis
1481 1779 1539 1842 isu-

224 1873 409 1937 mortalibus
432 1872 601 1954 cap'e‘diues.
619 1895 656 1936 ao
676 1864 824 1936 uitiosi*
838 1862 1140 1947 birnulal²²iuisse,
1166 1870 1267 1957 quim·
1279 1870 1445 1936 filioisiis²³
1458 1874 1537 1937 alio·

222 1987 293 2030 sum
307 1967 335 2006 11
363 1976 491 2048 pateras
519 1965 731 2051 arbitsamus?
767 1966 901 2032 Omitto*
919 1965 1079 2050 reliquos:
1114 1977 1186 2029 suut
1211 1964 1291 2028 enim
1315 1987 1424 2057 omues
1446 1988 1538 2048 pares

222 2060 305 2124 iuter
326 2061 408 2136 se²⁵‚
446 2072 573 2142 praeter
596 2062 787 2142 Superbum.
844 2061 896 2122 it.
931 2060 1064 2122 Brutum
1078 2059 1105 2101 11
1133 2060 1161 2123 si
1182 2057 1282 2145 spui²⁷
1305 2072 1423 2144 suget,
1462 2061 1538 2143 quid

222 2150 326 2237 egerit
353 2150 395 2225 iu.
412 2155 516 2234 patria
544 2154 726 2217 liberanda:
765 2153 792 2216 si
824 2151 893 2239 quis
926 2151 999 2216 item
1031 2152 1173 2238 reliquos
1185 2154 1212 2194 11
1241 2152 1379 2216 eiusdem
1413 2154 1537 2218 consilii

222 2240 347 2322 socios,
377 2246 452 2330 quid
473 2246 734 2329 spectavesiut²⁹‚
765 2245 841 2331 quid
863 2245 963 2308 secuti
983 2245 1063 2309 sint:
1097 2247 1259 2332 usim-quis
1282 2248 1459 2322 exsistot³⁰,
1487 2270 1536 2312 csu

221 2340 391 2424 voluptas,
426 2340 478 2403 cui
506 2339 653 2416 divitiae,
687 2340 739 2403 oui
767 2338 919 2424 denique,
953 2352 1080 2422 praeter
1104 2336 1240 2404 officium
1261 2340 1355 2405 ios-tis
1377 2352 1409 2403 ot
1432 2338 1534 2423 magni

294 2583 331 2658 (¹)
354 2613 385 2627 -
406 2591 490 2636 etiam
509 2570 609 2656 appell.
628 2586 690 2638 Bos.
710 2586 742 2638 Ε.
762 2613 799 2627 -
818 2601 873 2637 om.
892 2588 977 2636 etiarn
997 2584 1029 2637 B.
1068 2584 1093 2657 (1
1123 2585 1297 2655 -Quaeret
1314 2590 1405 2651 igilur
1423 2587 1533 2656 aliquis,

217 2660 285 2732 quid
300 2666 340 2713 sit
358 2659 413 2733 (est
434 2664 478 2732 Β.)
496 2661 596 2712 bomem
615 2662 723 2714 B-Bts.
738 2660 792 2715 Gu.
832 2660 870 2726 (³)
889 2684 924 2699 ·-
944 2660 975 2711 id
992 2660 1059 2711 besse
1103 2666 1145 2712 eri
1163 2669 1191 2712 et
1210 2670 1299 2725 reete,
1320 2679 1386 2712 νενε
1405 2658 1432 2713 d.
1455 2664 1534 2717 liert.

218 2738 300 2796 sisi.
321 2733 372 2789 Ed.
395 2738 475 2793 1581.
496 2751 552 2788 non
570 2736 601 2788 L.
622 2737 705 2794 1566.
756 2733 792 2810 (1)
824 2749 862 2788 ω
890 2753 943 2788 om.
973 2743 1002 2786 et
1029 2734 1199 2789 Duisb..va.
1229 2754 1255 2807 p.
1284 2736 1325 2789 Μ.
1357 2736 1414 2789 Mo.
1444 2737 1476 2789 L.
1505 2741 1533 2790 P.

216 2838 254 2854 ·-
273 2815 338 2882 puio
356 2809 430 2881 quod
447 2807 491 2863 ub.
510 2809 559 2883 (-
572 2816 597 2860 si
615 2809 689 2882 quod
705 2818 779 2862 recte
791 2807 932 2880 fii'nid
947 2810 1014 2861 bens
1026 2807 1099 2880 fieri
1116 2828 1183 2861 νενε
1201 2810 1319 2875 dicitur,
1338 2810 1413 2883 quod
1429 2821 1533 2862 rectum

106 2914 124 2939 a
217 2900 271 2940 oet.
310 2888 410 2940 Nescio
429 2890 476 2955 qui
496 2883 569 2958 apud
588 2885 744 2958 Oobsoqp.
765 2889 848 2953 286.)
899 2883 936 2957 (1)
968 2907 1006 2942 =
1022 2885 1080 2938 vid.
1100 2884 1167 2938 haee
1186 2886 1244 2957 li.x
1268 2885 1307 2952 (⁶)
1338 2914 1374 2930 -
1393 2885 1533 2938 odiosiora

216 2960 314 3016 Doisb.
334 2961 392 3014 uM.
440 2958 478 3035 (⁷)
502 2989 541 3002 -··
559 2966 668 3012 tenuius
686 2964 862 3030 -jieiunius
880 2988 919 3001 -
936 2960 1023 3011 letius
1042 2964 1186 3015 variorum
1205 2965 1324 3035 suspice.
1362 2962 1491 3014 Ceterum
1509 2979 1533 3016 r.

216 3039 320 3090 lentius
339 3040 518 3108 praemittunt
538 3038 583 3089 Cr.
603 3036 644 3089 M.
665 3035 723 3089 bh.
743 3035 841 3107 gloss:
866 3040 982 3085 -sine
1002 3040 1171 3107 oppositione
1188 3039 1377 3108 exemplorum
1402 3040 1456 3103 (-
1473 3040 1532 3088 sine

215 3118 389 3183 expositione
407 3112 523 3183 exempl.
543 3111 575 3164 L.
594 3112 638 3177 P.)
667 3111 729 3165 Non
749 3129 776 3184 p.
795 3110 828 3163 V.
867 3111 904 3176 (1)
924 3138 961 3153 ·-
981 3127 1035 3163 om.
1053 3110 1147 3164 verbis
1166 3113 1228 3165 Bas.
1266 3111 1360 3177 (1)-
1379 3109 1431 3163 det.
1451 3128 1532 3181 quoru

216 3193 291 3239 satis
311 3195 353 3247 est
373 3186 431 3240 uM.
458 3213 495 3229 -
513 3204 595 3257 priam
610 3183 710 3257 factis
734 3204 761 3259 p.
788 3199 812 3237 a.
864 3186 913 3253 (¹⁰)
945 3204 1104 3254 -quaero
1125 3205 1144 3238 a
1162 3186 1244 3238 bobis
1262 3193 1335 3239 enim
1362 3186 1394 3238 Β.
1423 3214 1461 3227 --
1479 3185 1531 3240 det.

216 3267 288 3313 enim
307 3264 408 3316 Nescio
427 3265 504 3315 ouius
524 3278 596 3334 susp.
637 3262 688 3327 (¹¹)
707 3287 745 3302 -
763 3260 841 3311 illum
861 3261 893 3313 Β.
914 3261 973 3313 Bas.
990 3261 1044 3314 Gu.
1058 3277 1084 3315 o.
1104 3261 1182 3336 prob.
1196 3265 1288 3317 Petro.
1327 3259 1376 3335 (11)
1396 3259 1444 3314 Sic
1463 3258 1532 3314 ced.

216 3336 280 3409 aliq.
306 3356 332 3410 p.
359 3335 449 3390 Bentl.
476 3339 513 3393 G.
539 3365 578 3379 -
596 3344 648 3388 oret
666 3339 730 3386 aseri
749 3343 917 3407 atpue.ar5.
944 3335 1001 3388 Mo.
1021 3336 1053 3388 L.
1080 3364 1118 3379 -
1136 3346 1187 3388 aest
1204 3341 1268 3388 ascri
1286 3346 1337 3388 aut
1355 3354 1420 3404 arg.
1441 3351 1465 3389 a.
1485 3337 1531 3390 Cr.

213 3414 248 3468 V.
268 3414 308 3466 M.
331 3415 358 3465 P.
384 3427 422 3464 oo
441 3420 492 3462 arat
509 3429 584 3480 arg..
595 3417 700 3465 omisso
719 3415 853 3462 asstanti
872 3412 903 3464 B.
923 3412 985 3465 Boe.
1006 3416 1033 3471 ὅ.
1055 3418 1080 3467 1.
1099 3416 1125 3465 2.
1145 3412 1179 3465 N.
1201 3410 1269 3475 Sed,
1291 3426 1322 3464 ut
1341 3428 1409 3476 nos,
1429 3415 1531 3484 saepis·

213 3490 285 3540 sitne
303 3485 409 3540 Tullius
430 3501 456 3539 st
475 3486 532 3539 alii.
552 3507 578 3542 v.
598 3504 623 3541 c.
643 3489 736 3540 llosst.
758 3486 848 3538 Serm.
868 3491 902 3548 1,
924 3497 956 3550 t,
974 3488 1092 3552 ibi·
1109 3486 1150 3537 ad
1166 3476 1282 3539 divilias
1302 3502 1351 3560 pro
1371 3486 1411 3537 od
1427 3491 1531 3537 ovari-

214 3567 286 3614 tiam
306 3562 479 3615 uhnnctenu
500 3579 574 3635 susp.
595 3560 629 3613 sd
650 3562 723 3615 Veil.
742 3566 777 3625 2,
797 3566 848 3627 17,
867 3565 907 3626 2.)
945 3560 995 3627 (11)
1015 3566 1052 3604 ὲ-
1070 3567 1250 3613 amoenitatis
1270 3565 1300 3617 P.
1338 3562 1387 3629 (11)
1406 3592 1442 3605 -
1461 3579 1531 3613 oere-

212 3639 258 3690 los
275 3645 386 3689 vestros
397 3636 430 3689 B.
468 3636 575 3702 (11)-
592 3637 681 3688 vultis
699 3641 817 3707 incipere
836 3654 857 3686 a
874 3635 925 3688 iio.
944 3653 970 3706 p.
991 3633 1043 3710 (a.)
1067 3665 1099 3677 -
1119 3655 1148 3689 ν.
1167 3656 1185 3688 a
1204 3637 1254 3691 lio.
1274 3642 1394 3708 incipere
1413 3639 1474 3691 Bas.
1493 3663 1531 3679 ·-

213 3714 301 3765 vultis
319 3715 450 3782 incipiam
469 3730 488 3761 a
506 3709 555 3763 lio.
575 3710 619 3765 Cr.
639 3711 682 3767 M.
701 3712 760 3764 Ma.
780 3713 810 3763 L.
831 3712 862 3765 P.
910 3707 959 3783 (11)
987 3739 1023 3754 ·-
1042 3712 1190 3763 liberatam
1214 3713 1242 3768 L.
1263 3714 1294 3767 P.
1338 3712 1388 3777 (¹7)
1415 3739 1455 3754 —-
1472 3727 1529 3764 om.

212 3806 274 3840 eam
292 3789 327 3845 B.
347 3784 445 3839 Duisb.
466 3805 492 3859 p.
513 3786 572 3838 vM.
592 3786 680 3840 Bentl.
719 3787 889 3859 Transponlt
908 3785 962 3839 Gu.
1000 3786 1059 3858 Ego
1079 3787 1124 3859 [].
1170 3785 1221 3861 (¹⁸)
1238 3810 1276 3844 =
1293 3786 1342 3840 lio.
1362 3786 1446 3856 grad.
1466 3788 1528 3840 Bas.

187 3914 190 3947 ι
211 3883 238 3939 p.
259 3880 282 3917 s.
305 3865 335 3915 V.
358 3861 398 3916 M.
420 3862 478 3915 Mo.
517 3860 569 3931 (¹⁹)
589 3860 638 3914 Sic
659 3877 699 3915 va.
721 3870 746 3918 1.
767 3867 793 3916 2.
813 3858 891 3934 prob.
910 3860 993 3932 Rosg.
1013 3883 1051 3919 ξ
1069 3861 1195 3913 ascendit
1215 3864 1318 3929 Ceteri,
1336 3867 1419 3916 etism
1438 3862 1472 3915 Η.
1491 3861 1529 3916 G.

213 3941 249 3995 N.
276 3937 395 3994 Praetuli
410 3935 476 3990 illud
491 3940 554 4007 quia
568 3941 608 3990 sio
622 3940 651 4003 in
662 3935 741 3988 Tuss.
756 3942 820 3989 item
835 3938 950 4007 Reginus
964 3951 1130 4007 quamquam
1143 3936 1206 3989 loeo
1220 3954 1297 3991 certo
1317 3938 1350 3989 eie
1363 3936 1452 4005 [εις.
1463 3943 1489 4000 2,
1500 3943 1529 3995 8.

212 4015 363 4066 adscensus
381 4018 411 4063 in
430 4013 543 4066 euelsun.
593 4011 643 4078 (11)
663 4014 722 4065 'Sic
742 4014 776 4065 V.
797 4013 828 4064 P.
849 4018 876 4072 5.
896 4009 977 4082 Seqq.
1006 4040 1040 4054 -
1061 4011 1156 4081 Quid?
1183 4013 1278 4064 Numa
1298 4012 1447 4084 Pompilius
1464 4012 1527 4067 Bes·

24 4114 25 4129 .
124 4118 128 4125 .
211 4089 338 4159 -Quid
354 4076 447 4139 distem
460 4088 555 4140 Numa
573 4087 724 4159 Pompilius
743 4105 769 4159 p.
784 4087 825 4142 M.
839 4087 897 4140 Mu.
917 4113 954 4130 -ι
974 4086 1068 4155 Quid?
1087 4089 1197 4139 ll'usnae
1210 4088 1339 4159 Pompilii
1357 4092 1481 4138 nsimssne
1496 4087 1528 4141 i..

210 4161 262 4236 (11)
288 4190 325 4206 -
343 4165 451 4215 sectiles
468 4174 519 4216 vei
527 4160 636 4233 fictiles
656 4160 706 4216 ed.
726 4163 873 4229 coenasti,
894 4165 971 4233 ipso,
989 4166 1085 4214 neseio
1104 4162 1258 4233 quomodo,
1277 4161 1356 4236 prob.
1377 4160 1410 4213 od
1429 4163 1469 4215 N.
1488 4162 1527 4215 D.

208 4241 245 4303 δ,
267 4230 309 4295 ti.
331 4256 358 4311 p.
378 4241 442 4298 560.
494 4238 543 4307 (11)
575 4238 622 4291 Sis
652 4256 668 4290 e
697 4236 766 4296 css.
795 4238 922 4290 Lambini
951 4238 982 4291 Ρ.
1012 4236 1091 4309 prob.
1111 4218 1202 4291 Bentl.
1239 4235 1431 4291 cir.‘1'urneb.
1454 4236 1527 4289 Ado.

207 4319 261 4379 20,
281 4318 327 4368 20.
365 4310 513 4385 („Vstus:
546 4311 655 4363 bimulus
676 4309 753 4386 (sio.)
792 4314 882 4398 [εδει
913 4311 1048 4376 irnellas,
1083 4327 1113 4365 ut
1141 4328 1183 4365 cst
1214 4312 1284 4386 apud
1304 4313 1440 4365 Festum.”
1457 4340 1460 4349 ·
1478 4312 1528 4364 Vis

208 4386 527 4442 sessonensium
546 4404 584 4439 m.
604 4387 699 4440 Lomb.
719 4386 824 4462 mese.)
855 4405 967 4463 ετυμον
987 4405 1016 4440 se
1034 4403 1095 4439 sera
1116 4402 1157 4441 eet
1176 4393 1221 4453 ir.
1242 4393 1298 4442 sius
1317 4386 1371 4440 lsir.
1410 4390 1461 4439 vis
1481 4386 1527 4438 sd·
1626 4434 1629 4443 ,

208 4461 313 4529 docos,
342 4479 372 4517 ut
401 4461 528 4528 osedsm,
557 4477 613 4515 tam
641 4461 753 4516 doetom
782 4479 842 4516 uos.
863 4460 1109 4533 interpolatoribue
1129 4461 1232 4516 deberi.
1271 4465 1375 4516 (loom
1394 4461 1526 4515 facillime

207 4538 277 4593 abitt
297 4542 344 4592 lo:
369 4567 407 4581 -
425 4539 556 4605 urstisius,
576 4536 645 4592 Edd.
665 4554 759 4592 omues
780 4553 887 4609 praeter
907 4537 938 4589 P.
957 4564 996 4579 ·-
1014 4555 1101 4587 urnas
1119 4539 1151 4592 B.
1170 4539 1236 4591 Bos.
1256 4538 1311 4592 Gu.
1356 4536 1406 4612 (11)
1432 4537 1479 4589 Sis
1499 4556 1524 4609 p.

206 4615 238 4666 V.
260 4615 319 4671 Ma.
339 4614 370 4667 L.
390 4616 420 4668 P.
441 4613 476 4667 Se
516 4651 523 4665 .
551 4641 589 4656 -
607 4610 749 4681 felicatas
767 4614 838 4670 011.
867 4639 904 4655 -
923 4611 1059 4664 delicatos
1084 4614 1116 4666 Β.
1136 4614 1198 4666 Bss.
1220 4629 1244 4666 s.
1265 4614 1314 4667 Cr.
1336 4615 1376 4665 M.
1420 4614 1471 4679 (11)
1489 4626 1526 4665 οε

205 4694 323 4741 istorum
342 4688 373 4746 L.
394 4691 424 4742 P.
463 4690 497 4742 vt
517 4704 578 4741 etos
596 4686 642 4755 C..
660 4688 708 4743 sed
727 4688 808 4747 bons.
854 4686 904 4753 (2⁵)
928 4704 968 4741 =
983 4706 1070 4758 peres
1093 4692 1167 4738 inter
1186 4706 1215 4738 se
1234 4705 1330 4741 omnes
1348 4688 1381 4740 B.
1420 4686 1470 4754 (11)
1488 4715 1525 4729 -

204 4764 323 4816 Brutum
349 4780 419 4815 νενο
447 4766 493 4817 Cr.
513 4765 555 4817 Μ.
574 4763 632 4817 Ma.
654 4765 684 4818 L.
732 4759 783 4836 (11)
812 4761 860 4816 Sic
879 4764 911 4815 ll.
933 4768 961 4816 t.
985 4767 1012 4817 Ρ.
1041 4782 1079 4816 =
1097 4767 1158 4833 puis
1180 4764 1282 4816 Ceteri.
1333 4762 1384 4830 (²⁸)
1412 4781 1451 4815 =
1475 4762 1525 4813 rsl.

204 4844 272 4891 item
291 4842 336 4894 Cr.
358 4841 396 4892 M.
418 4838 488 4914 Μο.Ι
514 4837 565 4913 (11)
583 4860 621 4896 =
638 4844 794 4911 spectarint
813 4857 840 4910 p.
859 4840 906 4892 Cr.
925 4839 967 4891 Μ.
988 4838 1047 4890 Ma.
1066 4866 1104 4881 -
1122 4843 1313 4908 expetiverint
1332 4854 1357 4890 a.
1404 4835 1457 4907 (³⁰)
1479 4837 1525 4891 ste

203 4914 350 4975 Bas.=cum
370 4912 474 4968 molus.
494 4919 522 4975 ὅ.
540 4914 622 4987 Seqq.
641 4942 679 4957 -
698 4919 819 4966 exsistat
837 4932 865 4987 p.
885 4928 909 4965 tt.
930 4913 977 4969 Cr.
997 4913 1030 4967 V.
1050 4912 1091 4965 M.
1111 4915 1170 4969 Ma.
1190 4915 1222 4967 L.
1241 4915 1272 4968 P·
