3384 5359
670 296 993 364 SPICILEGIUM.
1127 323 1129 326 ’
1433 285 1509 359 321'

161 441 235 496 Nam
255 436 422 513 particulam
441 437 656 511 comparativam
675 446 707 490 ut
727 442 767 493 ita
786 438 869 509 plane
889 440 1016 510 excipere
1036 451 1128 511 potest
1148 432 1337 509 interrogandi
1357 433 1401 489 rel
1420 430 1502 487 dubi·

162 512 244 570 tandi
274 513 426 588 particula,
454 511 686 584 quemadmodum
704 518 795 568 nostri
817 515 944 567 homines
964 513 1055 566 solent
1076 511 1168 582 loqui:
1196 512 1268 563 Zum
1288 510 1437 581 a'eempel,
1465 510 1501 562 ob

161 606 218 645 cet·
244 591 336 661 Atque
355 593 398 644 sio
417 588 479 642 aliis
498 587 570 642 loeis
590 589 707 653 Cicero,
733 604 764 642 ut
790 591 867 644 Part.
892 606 933 642 or.
954 591 999 646 19.
1038 588 1137 640 Tertio
1160 591 1303 639 autemiu
1322 605 1441 656 genere,
1470 591 1501 638 tu

162 683 236 737 quo,
256 664 337 735 quale
355 669 410 731 st't,
430 669 590 732 quaeritur,
608 672 658 715 aut
677 661 711 713 de
730 663 894 727 honestate,
914 671 965 715 aut
983 663 1017 713 de
1035 668 1178 734 aequitate
1197 662 1342 713 dicendum
1361 670 1413 716 est.
1451 661 1498 713 De

162 740 313 793 honestate
330 744 387 795 sic:
408 747 455 806 stt,
474 739 652 791 honestumne
671 742 728 804 sit,
750 757 804 810 pro
823 744 915 791 amico
930 738 1085 808 periculum
1103 746 1154 790 aut
1172 737 1311 789 iuvidiam
1329 731 1438 800 subtre3
1465 735 1501 790 ds

162 817 291 868 utilitate
310 823 405 866 autem
423 819 481 866 stc:
501 823 547 876 ut,
566 820 640 865 sitne
659 814 743 878 tstt'le,
763 819 793 866 t'rt
813 833 873 884 rep.
895 812 1125 865 administranda
1143 817 1267 865 versari.

241 890 290 944 Ca
300 909 322 943 r.
343 890 448 946 xxtti.
487 888 563 959 Quid
576 895 649 941 ertt'm
662 897 704 940 est
716 879 800 950 illud,
820 907 873 960 quo
885 890 1078 939 ntemirtt‘mttr?
1098 897 1149 940 aut
1160 907 1243 959 qttam
1254 886 1338 938 ltobet
1350 885 1429 937 vim?
1448 891 1501 937 aut

162 964 386 1037 urtdenatttmt]
425 966 473 1019 Sic
491 969 596 1037 primus
617 963 768 1017 Lambinus
786 962 945 1017 mutandam
966 969 1072 1017 censuit
1087 964 1238 1017 lectionem
1252 963 1409 1035 vulgatam,
1430 977 1500 1033 quae

163 1041 231 1095 salis
246 1057 320 1094 erat:
339 1050 391 1093 aut
403 1041 476 1092 uude
488 1040 642 1091 uatttram?
673 1039 765 1107 Quom
776 1055 805 1092 ut
816 1056 975 1112 corruptam
987 1056 1045 1091 esse
1057 1041 1127 1092 mihi
1141 1042 1295 1093 certissime
1308 1035 1500 1110 persuadeam,

101 1179 107 1186 .
165 1133 261 1170 tamen
283 1113 641 1182 eorrectiottmbtnuna,
664 1114 732 1169 licet
750 1115 857 1167 Davisii
882 1114 1025 1167 codicibus
1046 1114 1168 1179 firmata,
1198 1132 1256 1167 non
1276 1130 1369 1168 tamen
1389 1129 1500 1184 prorsus

164 1191 318 1246 satisfacit.
355 1193 481 1245 Primum
501 1196 576 1243 enim
597 1195 649 1243 iste
669 1188 780 1243 tlicendi
799 1189 912 1255 modus,
932 1195 1067 1241 memoria
1085 1195 1145 1241 vim
1163 1208 1240 1241 attam
1260 1188 1331 1240 unde
1343 1188 1425 1239 babet
1443 1205 1501 1238 na-

165 1276 244 1331 tum,
278 1268 444 1321 Ciceronem
469 1267 538 1319 mihi
568 1282 664 1339 parum
693 1263 791 1326 referet
816 1270 881 1336 qui,
912 1281 958 1318 aut
984 1262 1082 1330 fallor,
1110 1269 1203 1337 potius
1231 1269 1274 1318 sic
1295 1261 1424 1315 dixisset:
1450 1268 1503 1313 aut

125 1385 131 1392 ,
164 1362 250 1416 quam
269 1342 446 1402 habetvimt
464 1350 516 1392 aut
534 1341 629 1392 uude?
666 1339 719 1396 Sed
738 1357 790 1392 nec
812 1345 870 1412 ipsa
890 1346 1026 1394 sententia
1046 1340 1137 1393 verbis
1158 1344 1219 1393 istis
1239 1338 1381 1403 subiecta,
1399 1341 1423 1389 si
1441 1354 1502 1390 rem

166 1419 315 1472 dialectiea
335 1417 489 1471 subtilitate
509 1421 620 1489 exigas,
647 1415 758 1489 probari
782 1421 880 1488 possit.
920 1415 994 1484 Quid
1022 1421 1094 1469 enim
1121 1415 1206 1480 illttd,
1236 1433 1290 1487 quo
1309 1418 1501 1479 meminimus,

165 1510 228 1547 esse
249 1491 390 1557 dicamus,
408 1496 464 1545 nisi
485 1497 574 1562 ipsam
594 1492 781 1543 memoriam?
807 1488 882 1558 Quid
902 1508 985 1563 porro
1003 1497 1050 1542 vis
1066 1491 1237 1543 memoriae?
1262 1486 1403 1562 Numquid
1418 1487 1503 1557 aliud,

166 1585 251 1641 qnam
272 1573 330 1641 ipsa
349 1568 505 1620 memoria?
541 1567 624 1639 Ergo,
638 1566 753 1631 Cicero,
774 1570 910 1618 memoria
935 1564 1007 1618 unde
1032 1572 1193 1618 memoriam
1216 1566 1333 1632 babeat,
1361 1569 1502 1635 quaesive-

152 1631 230 1698 ‘ritl
268 1647 304 1697 At
324 1644 351 1696 id
372 1642 483 1714 quidem
503 1639 662 1695 absurdum.
701 1639 777 1710 Quid
797 1641 906 1694 multal
944 1642 1017 1695 Mihi
1038 1648 1080 1694 sic
1099 1647 1244 1715 scripsisse
1266 1642 1373 1695 videtur
1385 1643 1501 1694 Cicero:

167 1715 247 1790 Quid
263 1725 336 1770 euim
353 1728 397 1771 est
415 1718 500 1782 illud,
527 1734 581 1789 quo
606 1717 802 1769 meminimus?
829 1725 881 1768 attt
905 1734 987 1788 quam
1012 1715 1096 1768 babet
1115 1719 1195 1769 vim?
1222 1725 1273 1768 atet
1292 1716 1362 1768 uude
1381 1716 1501 1767 uatum?

167 1794 203 1849 ld
222 1799 296 1849 enim
322 1799 463 1865 quaeritur
490 1798 520 1845 iu
547 1808 604 1846 tota
631 1794 683 1846 bae
709 1781 917 1865 disphtotione,
947 1809 1014 1845 num
1041 1795 1125 1845 animi
1146 1808 1227 1864 atque
1247 1791 1315 1846 adeo
1335 1794 1502 1858 memoriae,

169 1886 301 1943 quaeest
321 1874 407 1923 animi
427 1867 561 1942 quaedam
582 1884 642 1940 pars
661 1873 719 1921 sire
738 1867 856 1921 facultas
877 1871 1011 1940 insignis,
1031 1872 1109 1940 origo
1130 1866 1164 1920 ad
1184 1885 1301 1934 corpus,
1320 1883 1366 1920 aut
1386 1883 1443 1918 rem
1459 1865 1503 1918 nl-

167 1945 226 1999 lam
247 1961 408 2019 corpoream
430 1949 517 2017 possit
537 1941 642 1997 referti.
680 1945 723 1997 Its
744 1944 835 2017 paullo
855 1960 920 2017 post
940 1960 1000 2016 cap.
1015 1949 1162 2015 proximo:
1182 1944 1258 2014 Quid
1279 1950 1368 2009 euim,
1388 1940 1502 1994 obsecro

168 2028 216 2086 te,
242 2030 356 2073 terrane
380 2021 448 2085 tibi,
474 2029 524 2071 aut
551 2019 601 2071 boc
627 2019 758 2072 nebuloso
783 2028 812 2072 et
839 2020 998 2088 caliginoso
1018 2021 1095 2072 caelo
1115 2029 1167 2071 aut
1191 2029 1275 2082 sota,
1301 2028 1351 2071 aut
1369 2025 1503 2068 concreta

166 2097 284 2150 videtur·
311 2105 396 2148 rausa
420 2100 466 2148 vis
489 2096 662 2147 memo'riae?
694 2095 741 2148 uhi
768 2101 835 2148 satis
856 2100 921 2149 trita
942 2096 1095 2168 periphrasi
1115 2101 1160 2147 vis
1178 2099 1327 2146 memoriae
1346 2090 1418 2145 nihil
1439 2108 1503 2144 am-

168 2173 259 2247 plius,
280 2189 361 2244 qnam
381 2175 652 2245 ipsam‘memortam
670 2171 824 2244 significat.
848 2188 878 2225 ut
898 2176 1046 2242 quumvis
1064 2171 1178 2221 deorum
1194 2168 1297 2223 dicitur
1315 2187 1365 2241 pro
1379 2172 1501 2221 numine.

132 2235 140 2256 ⁸
245 2249 325 2300 Car.
345 2251 391 2306 25.
429 2245 514 2317 Quod
540 2251 566 2297 st'
585 2250 616 2298 t'rt
633 2245 684 2299 hoc
703 2246 804 2300 mttudo
823 2244 896 2319 fieri
920 2251 980 2297 st'rte
1005 2246 1057 2298 deo
1084 2263 1140 2296 nott
1162 2244 1270 2316 potest]
1309 2242 1393 2294 Valde
1413 2240 1502 2315 probo
1551 2265 1561 2278 ²

167 2322 287 2377 bentleii
308 2326 509 2376 correctionem
527 2326 566 2374 ita
584 2321 717 2391 legentis:
745 2322 820 2393 quod
835 2328 862 2372 si
880 2322 932 2372 boe
951 2327 981 2372 irt
998 2320 1099 2372 mrtudo
1112 2318 1186 2392 fieri
1203 2324 1263 2370 sine
1283 2318 1335 2370 deo
1352 2335 1409 2368 nort
1424 2325 1498 2389 pot-

97 2392 101 2400 ’
169 2407 233 2460 ess,·
259 2403 313 2450 nisi
341 2396 414 2469 quod
439 2415 593 2471 pronomen
613 2403 655 2450 sic
676 2402 817 2470 transponi
838 2397 950 2450 malim:
977 2396 1051 2467 quod
1068 2401 1093 2446 si
1112 2402 1141 2446 t'u
1160 2395 1261 2446 mundo
1280 2393 1330 2445 hoe
1349 2391 1423 2466 fieri
1441 2398 1502 2444 sine

168 2473 222 2526 deo
241 2489 299 2524 nort
319 2481 425 2545 potest.
463 2474 536 2527 Nam
557 2478 598 2526 sic
617 2477 726 2543 exigere
750 2471 859 2526 videtur
879 2477 1034 2525 sententiae
1060 2475 1116 2533 vis,
1142 2486 1212 2541 quae
1229 2474 1408 2542 potissimum
1429 2473 1502 2521 inest

167 2553 201 2601 in
226 2548 338 2601 vocibus
365 2553 444 2614 istis,
473 2554 504 2599 in
529 2548 639 2601 mtatdo.
678 2551 738 2601 lloc
758 2552 836 2600 enim
863 2546 952 2603 dicit:
981 2552 1012 2598 iu
1030 2546 1152 2618 sphaera
1171 2550 1231 2598 sine
1250 2561 1341 2598 mente
1361 2542 1452 2596 divina
1473 2540 1503 2595 id

168 2622 245 2676 baud
263 2629 350 2696 magis
371 2641 451 2695 posse
471 2623 548 2688 fieri,
574 2638 657 2695 quam
682 2629 713 2675 irt
738 2623 849 2676 mundo.
887 2624 1032 2675 Praeterea
1057 2637 1135 2674 aures
1163 2625 1284 2674 numeris
1312 2623 1502 2676 Ciceronianis

168 2700 389 2752 assuetae'hunc
409 2698 552 2762 ordinem,
572 2697 717 2760 ni'fallor,
738 2703 825 2770 magis
846 2697 1013 2770 probabunt.
1318 2743 1323 2756 ,

246 2776 325 2827 cir.
345 2776 455 2828 xxiii.
494 2775 600 2830 Veniet
618 2782 740 2845 tempus,
760 2782 788 2824 et
803 2773 912 2843 quidem
926 2774 1070 2836 celeriter,
1089 2777 1149 2824 sive
1163 2769 1339 2836 retardabis,
1358 2775 1419 2820 sive
1428 2787 1504 2840 pro·

164 2849 302 2922 petatio]
341 2850 380 2902 Ea
409 2865 438 2902 et
465 2865 587 2903 veterum
615 2847 771 2903 editionum
801 2864 828 2901 et
854 2847 983 2900 codicum
1010 2847 1114 2918 aliquot
1141 2853 1309 2919 scriptorum
1338 2860 1380 2897 est
1401 2844 1503 2898 lectio:

168 2941 254 2996 qnam
274 2929 348 2976 varie
367 2928 419 2977 viri
440 2923 516 2978 docti
536 2939 693 2984 mutarunt,
714 2940 763 2997 pto
781 2923 958 2988 retardabis,
979 2921 1025 2974 alii
1046 2924 1233 2987 retractabis,
1254 2922 1301 2974 alii
1321 2918 1502 2985 retractabis,

169 3016 222 3073 pro
238 3000 420 3071 properabis,
442 3001 491 3054 alii
511 3000 729 3071 obtemperabis,
755 2997 802 3051 alii
819 2999 969 3070 probabis,
997 2999 1044 3051 alii
1061 2999 1195 3070 parebit,
1218 2998 1357 3068 legentes,
1384 3011 1503 3064 quorum

167 3074 243 3129 nihil
264 3074 364 3147 placet.
402 3077 543 3143 Quorsum
569 3081 644 3130 enim
672 3075 780 3128 Tullius
800 3079 983 3127 necessariam
1003 3080 1100 3127 mortis
1120 3077 1291 3127 imminentis
1312 3069 1503 3125 conditionem
1597 3083 1600 3096 ·

168 3149 300 3204 ostendat
319 3156 359 3217 el,
379 3155 427 3222 qut*
445 3153 488 3203 rrt'l
503 3157 599 3220 magis
617 3155 709 3222 cupit,
730 3155 786 3201 rtist'
805 3149 857 3201 bos
876 3168 922 3201 res
938 3149 1116 3221 relinquere?
1153 3149 1235 3201 Certe
1249 3164 1301 3200 uec
1314 3162 1378 3199 cum
1395 3149 1503 3199 ratione

123 3279 129 3287 ,
169 3225 241 3292 hoo,
260 3242 313 3279 nec
332 3223 459 3299 profecto
479 3231 562 3278 nimis
583 3225 695 3279 urbane.
736 3226 846 3290 immo,
874 3230 897 3278 si
918 3231 1024 3299 sapiat,
1052 3225 1106 3276 hoc
1134 3242 1217 3276 unum
1237 3221 1355 3286 dixerit,
1381 3220 1455 3293 quod
1475 3236 1503 3276 et

168 3318 215 3354 res
236 3300 335 3364 habet,
365 3317 392 3353 et
412 3306 535 3374 cupienti
556 3299 639 3354 luerit
659 3304 865 3374 gratissimum,
892 3300 934 3351 vel
960 3303 1150 3372 longissimam
1176 3314 1283 3351 moram
1302 3295 1413 3349 brevem
1434 3314 1503 3353 esse.

168 3377 245 3447 Ergo
265 3381 353 3429 recisa
372 3392 427 3429 una
447 3376 568 3449 syllaba.
589 3394 604 3429 e
624 3374 805 3448 praecedente
824 3374 959 3429 vocabulo
979 3389 1059 3439 orta,
1080 3380 1122 3427 sic
1141 3373 1248 3446 legam:
1275 3378 1337 3424 sive
1355 3371 1503 3438 tardabis,

169 3455 192 3504 i.
212 3469 237 3503 e.
257 3450 442 3519 cunctabere,
462 3471 494 3504 eo
514 3449 624 3524 quidem
644 3468 746 3516 sensu,
773 3469 827 3521 quo
847 3455 976 3503 cttnctart‘
995 3448 1125 3503 dicuntur
1151 3455 1236 3501 etiam
1256 3448 1318 3513 illi,
1346 3453 1392 3519 qui
1413 3448 1502 3501 nullas

169 3525 246 3579 ultro
267 3542 358 3579 moras
377 3543 535 3590 nectentes,
556 3525 590 3578 ad
609 3542 713 3578 metam
734 3526 837 3579 tardius
858 3525 1029 3578 deierantur.
1065 3525 1104 3578 Ut
1124 3522 1195 3577 infra
1214 3527 1260 3581 tui.
1279 3527 1408 3576 cunctari
1425 3524 1504 3574 illuns

169 3600 279 3652 ditstt'us
295 3606 328 3652 t‘rt
344 3608 427 3666 vt'ta,
447 3603 545 3654 inutile
560 3601 684 3674 putabat
701 3607 773 3672 ipsi:
799 3600 926 3674 quodque
946 3598 980 3653 de
999 3601 1092 3652 Dicin.
1114 3601 1142 3664 i,
1163 3603 1210 3659 26.
1240 3599 1272 3653 C.
1293 3600 1437 3652 Gracchus
1458 3599 1504 3652 Ti.

169 3673 251 3729 fratri
271 3675 356 3730 dicit:
377 3696 459 3749 quam
477 3679 581 3742 vellet,
601 3685 803 3740 attractentur,
825 3685 920 3727 tamen
939 3675 1034 3728 eodem
1052 3676 1105 3726 sibi
1124 3676 1198 3741 leto,
1226 3692 1280 3746 quo
1307 3678 1366 3746 ipse
1385 3679 1504 3725 interis·

136 3817 142 3834 ,
169 3759 233 3817 set,
261 3770 321 3802 etse
344 3752 523 3822 pereundum.
556 3750 636 3806 illud
654 3749 726 3806 iorte
746 3751 950 3805 dubitationem
972 3751 1067 3803 afferat
1076 3781 1087 3816 ,ι
1110 3750 1183 3822 quod
1208 3767 1312 3804 veteres
1334 3748 1416 3801 verbo
1435 3757 1504 3800 tar-

89 3879 93 3890 ,
170 3827 241 3879 dare
261 3832 434 3881 intransitive
454 3845 517 3880 usos
538 3845 614 3892 esse,
641 3826 771 3898 exemplis
792 3833 858 3880 satis
880 3832 962 3880 certis
983 3827 1139 3880 confirmari
1159 3840 1286 3897 nequeat.
1324 3824 1406 3892 Quod
1428 3829 1504 3876 enim

169 3903 241 3974 Epp.
263 3900 296 3953 ad
316 3903 461 3962 Brut-18.
481 3909 523 3956 sic
541 3902 656 3973 legitur:
676 3905 816 3971 qttaest'vit
827 3931 867 3944 -
879 3920 916 3953 art
930 3901 1047 3953 tardare
1060 3910 1089 3952 et
1102 3905 1271 3954 commorau'
1288 3908 1315 3950 te
1335 3900 1433 3951 melius
1454 3917 1505 3950 es-

169 3985 217 4029 set
242 3978 308 4038 tibi.
335 3978 390 4032 hoc
415 3983 507 4051 ipsum
529 3982 698 4049 intersigna
724 3975 828 4030 fraudis
855 3976 1034 4030 Marklandus
1055 3978 1158 4030 retulit.
1196 3974 1333 4046 Quodque
1352 3973 1467 4027 alterum
1488 3994 1504 4027 e

170 4053 249 4124 virg.
271 4056 343 4105 Aere.
363 4055 406 4118 X,
427 4057 491 4113 857.
512 4053 604 4106 afferri
625 4068 738 4127 posset,
756 4070 923 4125 quamquam
941 4057 989 4104 vis
1013 4053 1073 4103 alto
1096 4052 1212 4103 vrtlnere
1231 4049 1350 4116 tardat,
1377 4047 1423 4118 id,
1451 4054 1505 4104 etsi

170 4127 302 4181 Heinsius
322 4133 364 4181 sic
385 4126 538 4200 intelligat,
561 4143 651 4181 tumen
667 4129 749 4180 aliam
763 4127 911 4180 admittere
932 4132 1190 4199 interpretationem
1210 4124 1282 4177 haud
1303 4129 1410 4197 ignoro.
1450 4124 1505 4179 Sed

170 4219 313 4275 utcunque
333 4201 366 4255 de
387 4204 439 4256 hoc
458 4203 633 4257 statuendum
651 4203 794 4270 videatur,
814 4202 857 4256 rel
877 4203 932 4256 boc
951 4219 1067 4256 novasse
1087 4202 1254 4254 Ciceronem
1274 4205 1431 4254 existimare
1445 4216 1506 4253 ma·

170 4277 239 4342 lim,
260 4294 341 4349 quam
363 4277 480 4331 aliorum
501 4278 646 4331 admittere
659 4284 855 4332 correctiones.
886 4273 1016 4331 Ceterum
1031 4294 1112 4350 quam
1125 4276 1252 4348 frequens
1268 4274 1340 4348 apud
1355 4280 1505 4350 scriptores
1571 4273 1574 4280 ’

170 4369 277 4406 veteres
299 4354 361 4406 talis
381 4352 466 4407 fuerit
486 4353 632 4407 verborum
652 4360 806 4408 activorum
824 4369 912 4419 uses,
932 4368 994 4426 post
1016 4357 1048 4405 A.
1069 4352 1192 4406 Gellium
1212 4352 1328 4417 XVlll,
1349 4357 1394 4407 12.
1418 4367 1506 4405 unum

170 4426 361 4502 disputantem
380 4431 532 4498 nominabo
552 4429 679 4482 Curtium
700 4435 730 4483 in
750 4446 867 4482 excursu
886 4426 920 4480 ad
940 4428 1006 4482 Sall.
1025 4426 1157 4495 lugurtlr.
1176 4427 1239 4481 Vll.

248 4505 341 4557 lntn.
378 4504 502 4578 Tantum
521 4513 615 4574 autem
633 4501 714 4557 obest
731 4505 768 4555 ab
781 4522 831 4568 eo,
851 4512 882 4554 ut
901 4504 1004 4554 malum
1022 4519 1100 4553 mors
1112 4508 1165 4568 sit,
1184 4499 1258 4572 quod
1274 4501 1327 4553 tibi
1339 4500 1442 4551 dudum
1454 4506 1506 4552 vi-

170 4577 307 4643 debatur,
328 4588 360 4631 ut
377 4597 496 4642 uerear,
515 4598 551 4631 rte
569 4579 765 4631 connutriti!
781 4584 896 4630 sitnon
915 4580 1018 4629 malum
1037 4577 1116 4629 autad
1133 4585 1225 4642 certe,
1244 4577 1296 4628 sed
1313 4575 1386 4627 rtt'ltt'l
1402 4575 1504 4628 bortum

10 4668 14 4687 ·
95 4683 100 4689 ·
170 4653 252 4705 aliud
266 4655 389 4727 potiue]
426 4657 532 4708 Locum
553 4658 680 4719 isthanc,
700 4653 1307 4726 quemcorruptnmessesensitErnestius,
1326 4650 1506 4706 mibivideor

170 4725 241 4782 olim
261 4745 389 4796 sanasse,
416 4734 457 4784 sle
475 4730 586 4803 legens:
613 4739 724 4782 tantum
743 4738 837 4781 autem
857 4729 938 4780 abest
956 4728 992 4779 ab
1009 4746 1059 4792 eo,
1085 4736 1115 4778 rtt
1134 4729 1237 4778 malum
1257 4745 1332 4779 mors
1351 4733 1406 4792 sit,
1433 4726 1508 4798 quod

170 4804 223 4856 tibi
242 4804 346 4857 dttdum
364 4804 536 4865 videbatur5
563 4814 596 4859 as
614 4823 736 4871 verear,
767 4824 802 4856 rte
829 4803 935 4856 bomini
953 4802 1025 4855 nilut
1042 4808 1082 4854 st't
1106 4821 1163 4854 nort
1181 4803 1284 4855 maltum
1302 4802 1399 4868 aliud,
1428 4810 1505 4855 certe

169 4878 244 4933 tutti
259 4880 362 4933 bortum
379 4880 460 4933 aliud
472 4887 579 4952 potius.
617 4881 711 4950 Quam
729 4878 954 4934 emendationem
972 4883 1132 4954 nuperrime
1157 4879 1319 4954 approbarit
1340 4880 1410 4932 Cut.
1431 4880 1505 4932 Dar.
