3384 5359
121 4444 125 4453 ,

215 278 278 345 tao
474 259 865 347 nuncupanauuu
884 226 1280 342 normanum

212 422 392 488 Homerum
421 420 751 507 qaiotidiapac.neces
783 418 992 515 interitusqup
1020 418 1191 483 multorum
1224 406 1418 482 sedatiodem
1453 434 1536 481 maci

59 521 63 535 '
96 590 100 601 ,
140 524 151 593 ζ
208 516 304 587 4ι·οικ1ἰ
326 518 481 591 afferunt3
506 518 589 599 apud
612 538 705 601 quem
726 515 771 578 ita
793 514 947 575 dieiturt:

339 614 499 695 Namque
519 609 624 675 nimia
646 612 790 685 multos,
812 619 917 692 atque
938 606 1033 672 omni
1053 608 1141 683 luce,
1165 605 1369 691 'cadentes’
1465 618 1469 623 “

340 704 540 778 Οενπίωιως
560 715 605 768 sst-
621 718 722 768 nemo
738 702 853 787 possit
875 722 1034 765 maerore
1054 721 1191 764 uacare

338 801 416 882 Quo
437 799 553 882 magis
572 809 628 861 est
647 819 794 883 aequom
813 797 958 861 tumulis
980 796 1147 859 mandore
1165 805 1365 878 peremptos

257 907 262 911 ’
340 895 455 957 lirmo
476 894 612 967 animo,
636 905 670 956 ct
689 895 820 955 luctum
841 890 994 955 lacrimis
1008 891 1122 969 finire
1144 889 1294 953 diurnis.

214 990 268 1052 66.
292 990 385 1073 Ergo
410 989 442 1050 in
468 999 627 1070 potestate
647 998 695 1050 est
713 985 849 1050 abiicere
879 987 1044 1062 dolorem,
1068 1005 1165 1069 quitum
1188 984 1285 1059 velis,
1308 987 1448 1068 tempori
1469 1008 1537 1050 ser·

214 1084 364 1148 rientem.
409 1082 464 1146 An
486 1093 535 1146 est
556 1082 655 1145 ullum
677 1092 818 1164 tempus,
842 1081 1026 1171 (qupniaui³
1045 1078 1170 1164 quidem
1190 1078 1291 1143 resin
1314 1094 1425 1145 nostra
1445 1095 1536 1165 pote·
1638 1156 1641 1161 Ι

213 1190 296 1240 state
319 1177 403 1253 est)
432 1175 485 1241 cui
512 1197 591 1255 non,
606 1176 771 1258 ponendae
798 1195 894 1237 ciriae
917 1187 948 1237 et
970 1173 1198 1259 aegritudinisi
1223 1195 1318 1239 causa
1339 1175 1536 1239 serviamus?

217 1268 417 1336 Constabat⁵
439 1290 514 1348 eos,
539 1269 594 1354 qui
617 1270 832 1333 concidentem
857 1266 1041 1332 uulneribus
1063 1265 1127 1331 Cn.
1151 1267 1338 1349 Pompeium
1366 1269 1535 1345 vidissent,-
1569 1318 1576 1329 .

215 1387 311 1449 quum
323 1362 376 1427 ἰιι6
389 1364 446 1428 itto
458 1362 530 1447 ipso
543 1363 747 1427 acerbissimo
759 1361 1005 1447 miserrimoque
1015 1362 1199 1444 spectaculo
1208 1362 1269 1426 sibi
1279 1362 1438 1442 timerent,
1452 1367 1538 1450 quod

214 1482 249 1523 se
273 1459 372 1521 classe
392 1453 540 1521 hostium‘
551 1456 762 1521 circumfusos
780 1457 943 1532 viderent,
977 1456 1054 1519 nihil
1075 1466 1141 1519 tum
1162 1456 1265 1519 aliud⁷
1280 1458 1404 1543 egisse,
1427 1459 1485 1522 nisi
1504 1470 1538 1521 ut

215 1554 354 1639 remiges
373 1553 599 1627 hortarentur,
623 1563 655 1614 et
670 1561 704 1613 ut
719 1552 849 1614 salutem
862 1550 1111 1633 adipiscerentur
1126 1550 1223 1636 lugat
1246 1565 1454 1638 posteaquam
1468 1556 1537 1634 Ty·

213 1650 306 1735 ι’(ιηῐ8
321 1647 499 1721 venissent,
513 1658 579 1709 tum
599 1643 745 1709 afflictari
759 1645 989 1729 lamentarique
1005 1646 1160 1726 coepisse.
1203 1644 1317 1712 Timor
1330 1646 1432 1733 igitur
1445 1651 1485 1712 ab
1499 1649 1537 1713 iis

216 1738 446 1827 aspritudinem
469 1741 576 1824 potuit
596 1740 792 1823 repellere⁹,
815 1740 898 1805 ratio
913 1739 980 1802 *ab
1002 1739 1137 1821 sapienti
1151 1737 1231 1803 -viro
1240 1743 1267 1780 ¹⁰
1288 1762 1351 1805 non
1374 1741 1517 1824 poterit?

299 1834 472 1900 XXVIII.
497 1835 583 1916 Quid
595 1847 643 1898 est
656 1846 772 1911 autem,
790 1837 878 1918 quod
889 1836 961 1916 plus
977 1834 1081 1897 valeat
1097 1835 1136 1895 ad
1146 1836 1328 1916 ponendum
1337 1837 1362 1914 ¹}
1378 1836 1535 1911 dolorem,

215 1952 309 2015 qnam
326 1950 422 2013 quum
436 1940 485 1992 est
496 1927 702 2004 intellectum,
717 1928 793 1991 nihil
803 1927 933 2010 profici,
951 1941 982 1992 et
992 1928 1112 1992 frustra
1124 1940 1192 1993 esse
1203 1927 1409 2011 susceptum?
1432 1929 1467 1993 si
1477 1922 1557 2014 igi

215 2036 270 2089 tur
283 2021 403 2105 deponi
417 2033 542 2104 potest,
568 2024 660 2086 etiam
678 2042 741 2086 non
757 2022 875 2104 siueipi
897 2033 1019 2105 potest.
1056 2023 1234 2086 Voluntate
1248 2020 1347 2107 igitur
1369 2034 1401 2085 et
1420 2021 1537 2087 indicio

213 2118 333 2201 suscipi
348 2117 595 2204 aegritudinem,
613 2116 826 2182 confitendum
843 2129 903 2180 eat.
927 2118 980 2180 at.
1004 2117 1107 2201 quue
1121 2116 1275 2180 indicatur
1290 2138 1400 2180 eorum
1416 2118 1537 2199 patieu-

214 2212 277 2288 tia,
295 2212 349 2297 qui
364 2233 459 2297 quum
477 2212 573 2275 multa
588 2211 651 2275 sint
663 2231 760 2293 saepe
775 2210 940 2293 perpessi,
963 2210 1091 2274 facilius
1101 2212 1126 2250 ¹²
1140 2210 1294 2286 ierunt¹³,
1318 2212 1471 2297 quidquid
1486 2216 1545 2273 ac:

215 2304 310 2383 cidit,
339 2303 628 2389 obduruisseque¹⁴
652 2324 722 2368 sese
748 2315 863 2368 contra
887 2304 1049 2369 fortunam
1071 2303 1287 2369 arbitrantur:
1313 2316 1349 2368 ut
1373 2304 1426 2370 ‘ute
1456 2305 1539 2389 apud

215 2401 421 2484 Euripidem,
624 2424 637 2455 ἰ

384 2495 425 2560 Si
445 2492 640 2559 adhinnire
662 2492 775 2558 tristis
793 2494 1253 2577 palummaitueissesdies,

382 2591 457 2656 Nes
478 2601 551 2652 tam
571 2609 779 2657 aerumnoso
801 2589 1053 2673 navigavissem
1074 2591 1169 2653 salos
1226 2668 1232 2674 ο
1288 2602 1290 2607 ’

382 2685 487 2748 Esset
508 2682 646 2747 dolendi
667 2702 802 2746 calescasv
815 2694 856 2746 sci
876 2684 1002 2747 iniecto
1023 2681 1158 2767 equidei

383 2776 493 2842 Frena
514 2788 653 2860 repente
673 2787 769 2840 tactu
789 2777 1019 2860 exagitantur
1039 2798 1140 2841 nouo.

384 2871 453 2937 Sed
474 2871 546 2935 iam
566 2872 727 2934 ecthactus
737 2870 760 2909 ¹⁵
783 2864 932 2935 miseriis
954 2870 1127 2955 obsorpui.

215 2964 451 3052 Delatigatio¹⁶
469 2965 569 3050 igitur
590 2964 799 3028 miseriacum·
807 2964 1020 3047 aegritudines
1040 2988 1135 3049 quum
1158 2963 1255 3051 iaciat
1274 2965 1465 3043 leniores¹⁷,
1488 2964 1538 3029 iu·

216 3061 319 3147 telligi
342 3080 471 3123 necesse
497 3067 564 3135 est,
589 3059 687 3122 non¹⁸
709 3055 908 3139 remipsam,
933 3080 1060 3121 cainam
1078 3070 1172 3142 atque
1194 3060 1350 3125 sontem¹⁹
1368 3082 1439 3124 esse
1455 3081 1536 3122 mae·

216 3154 315 3219 roris.
360 3154 413 3217 68.
437 3152 630 3234 Philosophi
641 3151 775 3231 sumini,
799 3172 902 3236 neque
918 3153 1026 3215 dum²⁰
1041 3164 1145 3216 tamen
1161 3153 1343 3236 sapientiam
1360 3152 1534 3228 consecuti,

216 3268 325 3311 nonne
345 3246 540 3329 intelligunt,
563 3245 596 3308 in
616 3266 788 3308 summoue
805 3247 997 3311 maloesse?
1020 3248 1100 3309 Sunt
1115 3246 1195 3311 enim
1210 3248 1411 3329 insipientes:
1435 3266 1537 3331 neque

214 3340 394 3423 insipientia
424 3342 520 3404 ullum
550 3339 647 3404 maius
677 3340 792 3403 malum
821 3352 886 3402 ests
912 3361 1023 3425 neque
1052 3351 1155 3404 tamen
1183 3342 1307 3426 lugent.
1351 3340 1436 3422 Quid
1466 3339 1539 3403 ita?

113 3440 116 3445 '
218 3434 301 3516 Quia
323 3433 397 3497 huic
425 3435 533 3522 geneii
565 3435 718 3498 malorum
748 3454 813 3497 non
843 3433 1003 3518 affingitur
1031 3435 1084 3496 illa
1108 3435 1237 3516 opinio,
1271 3445 1392 3498 uectum
1415 3454 1486 3500 esse
1507 3445 1539 3497 et

146 3572 152 3593 s
218 3549 372 3614 aequum,
398 3539 430 3592 et
450 3530 490 3590 ad
512 3527 648 3592 officium
670 3518 854 3610 pertineri,
879 3549 975 3615 aegre
997 3528 1105 3604 ferre,
1131 3530 1218 3614 quod
1239 3529 1362 3611 sapiens
1384 3549 1450 3592 non
1471 3527 1535 3593 sis:

292 3800 332 3874 (1)
350 3824 388 3861 =
400 3801 503 3854 dicitur
520 3806 563 3853 ita
582 3801 706 3857 PABSss.
728 3798 769 3875 (2)
788 3801 821 3857 de
842 3806 883 3858 M.
903 3800 932 3858 Ε.
955 3803 984 3855 L.
1003 3802 1084 3875 Seqq.
1098 3832 1136 3847 -
1148 3812 1277 3857 carentes
1293 3803 1364 3858 Cdd.
1383 3802 1453 3859 Edd.
1475 3816 1551 3858 ante·

143 3854 150 3865 .
217 3878 251 3933 1..
297 3876 336 3953 (³)
356 3906 391 3921 -
411 3876 522 3950 picando
541 3876 612 3933 Otx.
658 3875 695 3951 (t)
715 3876 763 3931 Sic
782 3879 844 3933 Col.
863 3878 917 3933 Alit
938 3883 1028 3950 pauet.
1049 3880 1127 3952 prob.
1148 3879 1227 3934 Fabi.
1246 3879 1282 3933 D.
1302 3880 1373 3937 Lall.
1393 3890 1419 3937 l.
1437 3882 1489 3939 W.
1511 3884 1538 3937 2.

217 3982 255 3997 -
273 3971 374 4021 curae:
402 3958 507 4022 aegrit.
535 3951 707 4006 PABSECV.
732 3978 770 3997 -
790 3971 846 4007 om.
865 3971 950 4006 curae
969 3963 997 4006 el
1015 3952 1082 4007 Mt..
1119 3955 1156 4021 (⁵)
1174 3984 1214 3996 -
1232 3963 1343 4007 corseas
1362 3954 1538 4029 Bouhsusp.

216 4029 258 4103 (⁶)
276 4059 315 4073 -
332 4045 390 4084 om.
409 4032 439 4079 in
459 4026 549 4083 Gehh.
570 4039 596 4084 1.
634 4027 672 4102 (⁷)
689 4049 729 4085 :
745 4028 826 4082 alissd
843 4038 902 4082 tum
921 4032 979 4084 PD.
1006 4027 1044 4103 (ὅ)
1066 4045 1104 4081 ao
1123 4030 1248 4100 Cyprum
1267 4030 1436 4102 wesseling.
1456 4030 1539 4084 Obss.

217 4114 251 4170 1,
271 4106 315 4163 13.
362 4103 400 4173 (⁹)
419 4128 457 4147 -·
475 4102 610 4175 depellere
629 4105 701 4159 021.
719 4103 798 4158 Leid.
849 4104 953 4178 (¹⁰)de
973 4104 1065 4160 Bentl.
1085 4102 1115 4160 Ε.
1134 4104 1214 4163 DW.
1233 4111 1262 4162 2.
1280 4133 1319 4150 -
1337 4112 1413 4158 ratio
1433 4123 1468 4158 ae
1485 4124 1539 4158 sa-

210 4184 322 4265 pientia
338 4197 411 4231 vara
421 4176 491 4232 Cdd.
505 4194 682 4233 santumnon
695 4193 802 4234 omnes.
815 4178 886 4233 Edd.
900 4194 964 4233 ante
979 4183 1014 4234 D.
1034 4181 1107 4233 Item
1128 4179 1197 4233 hall.
1212 4188 1239 4238 1.
1249 4186 1297 4249 (-
1310 4200 1379 4234 vero
1392 4199 1443 4254 pra
1456 4200 1538 4247 vera,

216 4245 248 4309 ui
259 4251 370 4311 volebat
383 4254 500 4320 Nissen,
520 4254 606 4321 011.)
618 4254 678 4321 (¹¹)
695 4283 734 4299 -·
751 4254 969 4325 deponendume
989 4255 1073 4327 gloss.
1086 4254 1164 4308 Leld.
1178 4257 1291 4329 Recepit
1305 4256 1371 4311 Scb.
1385 4263 1411 4311 2.
1430 4257 1483 4332 (ὓ)
1501 4286 1540 4302 -

208 4326 381 4403 saeilfissqsse
400 4333 437 4386 D.
456 4327 486 4386 Ε.
530 4329 580 4396 (¹³)
598 4360 636 4373 -
645 4325 754 4400 serani
773 4331 904 4385 ΚΕΗ).
952 4331 1004 4399 (¹¹⁴)
1025 4358 1060 4374 -·
1080 4330 1243 4383 obduruisse
1261 4350 1345 4402 quam
1364 4335 1396 4386 R.
1415 4332 1482 4388 Atti.
1501 4361 1541 4376 ·-

216 4404 378 4459 obdisruisss
403 4409 440 4462 D.
468 4402 498 4461 Ε.
525 4409 565 4458 ita
590 4419 682 4457 totum
709 4403 802 4458 locum
822 4408 1015 4460 constituens:
1037 4432 1070 4449 ···
1089 4411 1136 4476 qni
1154 4438 1173 4450 -
1192 4438 1211 4451 -
1226 4413 1354 4478 perpessi
1364 4407 1539 4479 faciliusque

208 4479 317 4555 ferm
335 4500 381 4555 pas.
399 4498 457 4535 acc.
469 4519 483 4546 ,
497 4480 658 4533 obdiceslsse
676 4498 735 4533 sese
755 4496 809 4534 eet.
836 4480 885 4549 (¹⁵)
905 4499 921 4534 e
940 4480 1008 4535 Cdd.
1029 4480 1116 4555 (Col.)
1136 4481 1226 4536 Gebh.
1246 4482 1327 4554 Seqq.
1346 4512 1385 4525 ·-
1403 4484 1542 4536 sabis‘ctus

216 4560 251 4614 li.
268 4556 339 4612 Edd.
359 4573 423 4611 ante
443 4555 533 4611 Gebh.
570 4555 621 4630 (¹⁶)
641 4553 870 4627 :defetigatio
889 4558 922 4610 R.
944 4559 976 4609 D.
1015 4558 1065 4623 (¹7)
1085 4557 1133 4611 ste
1154 4556 1242 4611 Gebh.
1263 4558 1344 4626 Seqq.
1364 4589 1408 4605 -ι
1421 4560 1541 4611 leviores

215 4635 337 4688 Priore..
384 4630 435 4708 (1⁸)
454 4618 492 4676 ἰ-
511 4636 760 4702 opinionem‚.n0n
778 4634 810 4686 n.
829 4629 859 4686 a.
908 4633 958 4700 (¹⁹)
989 4633 1036 4685 sie
1056 4634 1087 4684 u.
1114 4633 1180 4686 nne
1208 4633 1439 4689 aasncvuuu.
1470 4633 1540 4687 nan.

176 4760 180 4767 .
215 4709 270 4768 W·
291 4715 319 4765 2.
336 4738 375 4752 ·-
392 4717 450 4771 eal,
470 4724 528 4759 nou
546 4725 606 4759 rem
624 4713 714 4777 ipsam
732 4712 814 4781 cipite
833 4724 948 4760 casuram
958 4706 1075 4778 fontem
1093 4706 1121 4762 h.
1142 4724 1207 4761 cum
1226 4709 1288 4760 aliis
1308 4708 1378 4763 Cdd.
1399 4711 1429 4764 P.
1449 4708 1540 4765 Gebh.

217 4792 245 4843 1.
283 4785 334 4852 (²⁰)
353 4784 401 4837 ste
419 4786 452 4838 R.
473 4783 535 4841 Alii·
556 4783 647 4838 Gebh.
668 4782 736 4837 lel.
758 4795 785 4841 1.
804 4784 858 4840 W·
880 4790 905 4838 2.
927 4810 961 4824 -
982 4801 1066 4854 neptes
1086 4783 1208 4836 aaudrsm
1227 4782 1304 4836 Leid.
1318 4785 1369 4838 ud.
1383 4802 1437 4839 set.
1451 4784 1541 4839 Bonh.
1600 4812 1609 4832 o

215 4881 255 4918 ε
272 4877 321 4911 nse
340 4859 405 4953 dum
423 4855 492 4913 Edi.
512 4872 577 4911 ante
596 4858 688 4920 Gehh.
705 4886 743 4907 ι-
761 4864 862 4911 summs‘
880 4856 994 4930 quique,
1016 4858 1139 4911 ssordmn
1156 4859 1191 4913 de
1210 4860 1301 4913 Beati.
1322 4859 1352 4916 e.
1373 4863 1408 4915 Ι).
