3384 5359
230 320 292 386 sss
326 335 328 342 ·
655 306 881 386 nnutnett
904 315 1121 384 nutnunn.

231 475 275 516 tus
298 478 346 527 es,
377 477 459 534 quem
478 460 560 515 flocci
579 449 831 514 incere‘debuerss.
870 457 948 513 Libri
971 458 1074 514 Gallici
1093 474 1122 512 et
1140 457 1249 525 Italici,
1267 456 1402 514 Palatinis
1423 454 1551 531 proiecto

231 536 374 599 meliores,
396 553 511 609 tuusque
531 536 578 590 ille
600 542 741 610 egregius,
761 539 804 590 sio
822 535 940 588 habent:
963 537 1006 587 As
1024 541 1097 587 enim
1115 535 1196 590 NON
1214 540 1274 587 sine
1291 538 1448 602 ignominia
1470 530 1552 606 affi-

230 629 292 666 cere
314 613 479 666 potitust
500 619 663 684 sapientem.
701 612 743 664 Ex
764 627 817 683 que
839 610 962 664 lectione
983 609 1049 681 quid
1073 617 1201 685 propius,
1219 615 1275 663 reri
1294 610 1431 675 similius,
1451 623 1552 662 conre-

229 691 351 741 nientius
374 688 439 760 fingi
464 702 556 761 potest
581 705 664 757 quem
687 684 756 739 iliud
777 686 867 740 Paulli
890 687 1027 739 Manutii:
1054 689 1094 738 At
1118 692 1192 738 enim
1217 703 1273 737 non
1296 691 1356 738 sine
1381 688 1549 753 ignominia.

229 763 392 831 Ignominia
409 761 530 835 afficere
548 768 654 833 poterit
674 762 850 832 sapientem?
873 762 943 830 Quis
966 766 1039 815 ausit
1061 778 1176 835 negare,
1199 760 1333 815 sollemne
1355 760 1408 813 hoc
1427 758 1550 812 iibnriie

231 842 329 892 vitium
350 854 424 903 esse,
445 855 492 903 ut,
511 842 619 909 quoties
637 835 710 890 idem
731 835 895 890 vocobulum
915 841 1079 909 geminatur,
1099 837 1214 891 aiterum
1236 836 1320 889 modo
1338 850 1459 908 ponent,
1481 834 1551 887 eite-

184 939 189 954 ¹
231 928 292 967 runt
312 915 463 967 omittunt?
488 913 580 967 Etiam
599 919 628 965 iu
648 913 768 965 ceruiine
787 913 842 966 hoo
863 909 985 975 faciunt,
1008 928 1038 965 ut
1058 913 1101 966 his
1121 911 1208 966 oculis
1228 927 1308 985 saepe
1327 910 1398 971 vidi3
1423 908 1470 962 ubi
1489 913 1549 982 ipse

229 993 309 1042 metri
333 994 405 1041 ratio
429 988 525 1062 culpes
551 990 631 1042 huius
653 991 788 1043 immunes
816 1003 956 1061 proestare
981 993 1125 1060 potuisset.
1170 988 1244 1058 Ergo
1265 995 1298 1038 at
1319 991 1393 1037 enim
1413 1003 1469 1036 non
1489 991 1550 1035 sine

229 1068 387 1133 Ignominia
409 1079 472 1117 eunt
495 1063 651 1116 obiicientis
675 1062 772 1128 verbe,
799 1078 828 1115 ut
853 1062 944 1134 paullo
967 1077 1046 1128 ante,
1075 1067 1117 1114 As
1141 1063 1300 1114 misitantur
1322 1062 1403 1113 bonis
1423 1061 1548 1118 exsules,-

229 1157 286 1191 non
311 1143 445 1205 sinentis,
475 1157 563 1211 neque
589 1137 774 1192 concedentis.
819 1137 955 1208 Equidem
982 1139 1047 1191 huic
1070 1140 1191 1191 Menutii
1216 1143 1393 1191 coniectores
1418 1133 1496 1188 iereo
1518 1149 1548 1189 et

229 1228 245 1265 e
266 1212 380 1286 plaudo:
403 1229 590 1267 verumtamen
609 1232 643 1266 ne
662 1213 734 1267 nihil
754 1211 854 1267 babent
875 1212 922 1265 iile
937 1213 1085 1267 benevolus
1101 1212 1175 1285 quod
1191 1218 1277 1285 possit
1294 1212 1432 1277 arrodere,
1450 1209 1548 1263 nddem

229 1232 332 1360 aliquid
356 1287 389 1342 de
408 1306 480 1343 meo.
519 1292 574 1344 Pro
592 1289 642 1341 iiio
663 1307 721 1341 non
741 1294 816 1352 sine,
843 1286 916 1359 quod
939 1287 1046 1342 videtur
1068 1289 1160 1363 psuiio
1179 1281 1351 1361 languidius‘,
1374 1291 1416 1339 eie
1436 1287 1548 1356 legerim

229 1363 282 1416 levi
302 1369 468 1431 mutatione,
493 1368 536 1417 As
558 1365 626 1420 EST
648 1365 687 1418 IN
708 1363 858 1418 NOMINE
880 1369 1044 1430 ignominia.
1083 1365 1132 1420 AN
1155 1365 1201 1418 ΕΑ
1223 1362 1345 1436 afficere
1360 1369 1472 1434 poterit
1496 1378 1548 1411 sn-

224 1440 368 1512 pientem?
392 1439 425 1491 de
447 1446 572 1514 sapienia
593 1445 666 1492 enim
686 1438 753 1493 haec
772 1445 863 1491 omnis
882 1445 975 1491 oratio
994 1445 1053 1499 est,-
1073 1444 1117 1490 cui
1134 1444 1195 1490 iure
1214 1440 1246 1490 id
1261 1438 1385 1491 accidere
1404 1455 1462 1488 non
1476 1454 1548 1509 pos-

228 1519 275 1567 sit.
315 1516 356 1569 lte
376 1531 458 1587 supro
484 1515 605 1581 dixerut,
632 1515 694 1568 Iam
711 1532 781 1567 vero
801 1515 944 1580 exsilium,
965 1519 991 1564 si
1010 1519 1052 1565 rei
1070 1523 1204 1566 naturam
1221 1533 1277 1565 non
1297 1517 1479 1586 ignominiam
1499 1528 1547 1565 no-

226 1593 310 1643 minis
332 1596 489 1661 praeterimus
530 1606 557 1644 et
579 1606 630 1662 pro
653 1589 736 1642 domo
762 1606 811 1642 sus
834 1608 860 1644 o.
880 1594 925 1647 27.
965 1589 1040 1660 Quid
1060 1598 1105 1641 est
1126 1595 1199 1641 enim
1219 1589 1315 1643 exsuli
1339 1595 1430 1661 ipsum
1449 1606 1500 1658 per
1517 1605 1547 1639 se

225 1682 326 1718 nomen
349 1666 530 1732 calamitatis,
553 1684 610 1718 non
632 1664 822 1737 turpitudinis.
861 1664 980 1734 Quando
999 1669 1091 1733 igitur
1111 1674 1154 1716 est
1171 1665 1272 1736 turpe?
1296 1664 1334 1717 ue
1349 1681 1422 1715 vera
1438 1662 1547 1734 quando

226 1748 270 1794 est
282 1758 375 1811 poena
386 1748 513 1812 peccatis
535 1746 663 1813 opinione
680 1749 774 1791 autent
791 1739 947 1804 hominum,
966 1747 1053 1792 etiarn
1071 1747 1096 1791 si
1114 1749 1158 1792 est
1172 1758 1264 1810 poena
1282 1740 1418 1792 damnati.
1449 1740 1546 1791 ustae

224 1820 316 1886 igitur
333 1824 451 1886 peccato
474 1834 533 1868 meo
556 1816 657 1869 exeniis
680 1832 783 1868 nomen
806 1817 904 1878 subeo,
931 1834 969 1865 an
990 1834 1021 1867 re
1043 1816 1188 1867 iudicata?

302 1890 383 1944 Cer.
400 1891 539 1946 xxxix.
567 1891 665 1943 Ptoeris
680 1890 761 1942 nobis
777 1891 827 1945 Cn.
845 1889 979 1962 Aufidius
992 1895 1154 1961 praetorius
1169 1898 1199 1941 et
1215 1895 1245 1940 in
1263 1897 1362 1940 senam
1380 1892 1546 1939 sententiam

227 1962 352 2030 dicebat,
371 1984 421 2017 nec
435 1972 533 2019 amicis
549 1965 766 2017 deliberantibus
783 1966 896 2029 deerat,
916 1973 945 2017 et
960 1965 1097 2018 Graecam
1111 1964 1249 2018 scribebat
1265 1964 1414 2016 historiam
1429 1971 1458 2014 et
1475 1962 1547 2016 vide·

224 2037 273 2092 bet
303 2044 334 2090 in
364 2039 477 2114 literis]
513 2042 617 2095 Caecus
640 2051 705 2095 'esst
735 2046 787 2093 iete
810 2041 948 2098 Aufidius:
986 2057 1013 2094 et
1043 2041 1145 2095 idcirco
1168 2039 1307 2113 argutuiue
1330 2042 1383 2092 eibi
1406 2037 1547 2092 videbatur

123 2139 128 2150 ·
224 2118 380 2185 quicunque
402 2133 461 2169 eret
482 2115 627 2183 librarius,
647 2122 696 2189 qui
716 2122 820 2189 primus
841 2114 911 2168 iilud
930 2116 1094 2171 vinensT
1114 2115 1194 2168 nobie
1214 2105 1368 2187 euppbsuit.
1406 2115 1466 2188 Ego
1484 2130 1545 2166 vero

225 2205 282 2245 tem
305 2189 433 2263 putidum
457 2192 569 2245 scheme
590 2210 647 2244 non
669 2208 729 2245 esee
753 2192 897 2244 Ciceronis
921 2196 1055 2244 continuo
1081 2195 1188 2264 agnovi.
1228 2191 1330 2252 Aliter,
1355 2194 1450 2258 siunt,
1470 2189 1544 2243 olent

222 2265 324 2330 ontuli,
347 2265 426 2319 aliter
447 2283 519 2322 sues.
558 2267 593 2320 Et
617 2265 747 2339 proinde,
773 2267 821 2319 ubi
844 2284 991 2340 parumper
1015 2270 1137 2320 animum
1161 2264 1352 2331 intenderam,
1376 2281 1425 2317 eun
1448 2280 1544 2338 sponte

224 2340 404 2394 ennsoebetur
433 2357 495 2395 reru
520 2357 548 2395 et
573 2346 682 2396 sincera
707 2341 806 2407 lectio,
834 2351 862 2393 et
886 2342 1023 2398 Graecam
1045 2342 1186 2394 scribebat
1207 2341 1370 2405 historiam,
1395 2349 1424 2392 et
1449 2341 1545 2392 VIVE·

224 2415 300 2471 ΒΔΤ
320 2420 350 2467 in
374 2417 485 2469 literiss
512 2417 566 2470 hoc
589 2431 647 2481 est,
677 2433 790 2470 omnem
812 2432 892 2469 sunm
918 2432 1035 2469 aetatem
1058 2422 1086 2470 in
1109 2417 1199 2470 literis
1224 2420 1407 2490 consumpsit.
1446 2415 1544 2470 Noster

226 2492 278 2564 Ep.
299 2491 374 2544 Fam.
395 2493 447 2558 ix,
466 2494 513 2550 26.
551 2492 628 2561 Quid
644 2509 714 2560 ergo
725 2489 864 2563 faciam?
888 2499 916 2542 te
935 2493 1057 2556 consulo,
1080 2498 1126 2564 qui
1140 2491 1342 2564 philosophiam
1361 2490 1453 2543 aredis.
1480 2493 1544 2541 An-

223 2565 300 2634 gar?
330 2572 519 2618 excresciemne
547 2567 610 2617 mei
634 2567 701 2639 quid
724 2568 877 2639 asseqtsarl
902 2567 1001 2618 deinde
1026 2586 1104 2639 prtem
1125 2569 1165 2619 ad
1179 2566 1292 2640 finem?
1306 2570 1416 2632 Nives,
1444 2570 1544 2636 inquis,

224 2644 255 2694 in
273 2639 370 2693 literis.
405 2644 454 2694 An
472 2640 619 2713 quidquam
637 2661 680 2695 me
701 2642 781 2694 aliud
798 2661 885 2712 agere
904 2643 1017 2695 censes?
1042 2652 1092 2694 aut
1107 2661 1216 2713 possem
1234 2648 1342 2708 vivere,
1363 2647 1419 2692 nisi
1436 2645 1467 2695 in
1484 2640 1544 2693 lite·

224 2719 262 2768 rie
277 2719 426 2774 ,riseiemi
454 2717 505 2768 sed
531 2726 574 2768 est
599 2736 695 2770 earum
720 2723 806 2770 etiam
830 2735 887 2769 non
911 2724 1046 2783 satietas,
1076 2718 1127 2769 sed
1150 2718 1261 2790 quitiam
1286 2716 1392 2769 modus.
1438 2714 1544 2770 Ibidem

225 2790 314 2856 xiii,
337 2797 382 2851 28.
419 2791 474 2843 Est
492 2797 564 2843 enim
582 2798 613 2843 s'n
633 2812 678 2861 eo,
703 2811 784 2864 quum
803 2798 899 2845 virtus
917 2803 946 2846 et
968 2794 1097 2866 probitas
1113 2802 1142 2845 et
1160 2811 1294 2845 summum
1314 2791 1446 2865 officium
1466 2809 1545 2842 moss-

224 2883 322 2935 maque
346 2866 543 2936 obser-ventio,
570 2876 630 2919 trun
653 2867 746 2923 studia
770 2867 822 2920 illa
846 2873 964 2935 nostra,
989 2869 1088 2941 quibus
1113 2879 1199 2922 antea
1225 2868 1448 2935 delectabamur,
1473 2884 1544 2919 auito

224 2946 311 2993 etiam
333 2945 458 2996 vivimus.
1267 2977 1270 2988 ι
1370 2947 1375 2952 ’

303 3014 393 3069 ibid.
420 3014 617 3089 Polyphemum
635 3019 774 3070 Homerus
801 3036 863 3069 cum
887 3023 977 3069 ariete
1000 3021 1086 3070 etiam
1111 3019 1309 3091 colloquentem
1330 2993 1414 3088 facit
1438 3021 1545 3086 eiusque

224 3090 341 3143 tardare
357 3089 519 3161 fortunas,
548 3092 622 3163 quod
649 3112 704 3163 qtsa
727 3091 813 3145 vellet
844 3093 959 3161 ingredi
988 3102 1083 3164 posset
1114 3102 1143 3145 et
1173 3111 1241 3165 quae
1267 3094 1353 3146 vellet
1377 3089 1544 3162 attingere]

225 3166 309 3218 Recte
337 3166 532 3221 animadvertis
560 3167 632 3241 apud
655 3170 806 3221 Homerum
833 3167 889 3220 hoo
915 3186 971 3221 non
993 3167 1101 3229 heberi:
1130 3187 1196 3244 ergo
1219 3163 1265 3223 eut
1288 3168 1365 3221 finxit
1390 3168 1420 3221 id
1437 3171 1543 3233 Cicero,

224 3253 271 3294 tut
290 3259 322 3294 ex
339 3241 459 3316 Trngieo
480 3241 599 3316 quodem
617 3248 765 3317 sumpsisse
784 3241 902 3297 ridetur.
941 3241 994 3296 Sed
1014 3260 1152 3317 postrema
1173 3246 1219 3299 iiie
1240 3245 1317 3314 Quae
1334 3244 1430 3308 vellet,
1451 3247 1543 3293 ottin-

225 3333 293 3385 gere
316 3316 444 3390 languida
471 3335 535 3373 eunt
560 3338 587 3374 et
613 3323 715 3374 inanis.
762 3318 881 3388 Quidem
908 3321 979 3390 apud
1004 3319 1171 3373 Lambinum
1193 3320 1335 3392 adspicere
1360 3317 1543 3392 reponebant:

225 3408 320 3444 rerum
340 3394 394 3446 hoc
413 3392 504 3446 edituo
522 3392 652 3448 deterius.
690 3394 796 3448 Omnes
818 3392 876 3447 iere
896 3392 1036 3446 Gebhardi
1063 3394 1172 3449 codices
1191 3414 1269 3468 quem
1293 3392 1466 3466 praeierunt,
1489 3409 1542 3445 non

224 3484 304 3537 quae.
341 3466 421 3521 Unde
442 3471 569 3533 suspicor
590 3467 738 3541 legendum
758 3486 833 3533 esee,
857 3469 905 3521 ET
922 3469 962 3521 IN
985 3470 1093 3539 QVEM
1114 3472 1215 3537 veliet,
1240 3470 1432 3524 enititur.
1472 3469 1542 3521 Con·

226 3544 301 3595 uenit
320 3540 446 3615 proiecto
465 3542 521 3596 hoo
538 3543 668 3617 Cyclopis
688 3547 864 3598 immanitati.
903 3543 1004 3597 Accius
1024 3545 1095 3616 apud
1115 3547 1247 3601 Nostrum
1265 3544 1300 3598 de
1319 3545 1413 3602 Ditin.
1432 3546 1462 3613 1,
1481 3548 1525 3602 ts.

448 3618 531 3670 Duos
549 3626 772 3688 consanguineos
792 3625 897 3670 arietes
916 3618 980 3670 inde
999 3621 1068 3686 eligi
1086 3652 1244 3668 --..

449 3692 560 3745 Deinde
577 3700 636 3745 eius
655 3712 821 3762 germanum
840 3694 970 3745 cornibus
986 3700 1125 3746 connitier

447 3767 482 3819 ln
502 3786 544 3820 me
563 3775 704 3835 arietare,
726 3790 808 3841 eoque
828 3775 886 3821 ictu
903 3788 945 3820 tne
965 3770 1116 3822 adrasum
1135 3769 1209 3823 dari.

225 3840 276 3894 Vei
296 3846 410 3916 propius
430 3848 515 3896 etism
536 3849 634 3915 poesis,
653 3844 691 3897 Et
707 3863 785 3916 prtem
803 3846 890 3898 vellet
901 3851 1044 3897 arietare:
1063 3861 1092 3898 ut
1104 3846 1219 3899 Plautus
1238 3849 1267 3897 in
1281 3844 1454 3898 Truculento
1467 3846 1503 3912 11,
1515 3850 1540 3901 2.

450 3918 520 3989 Quis
536 3919 594 3970 illic
613 3927 670 3984 est,
693 3927 740 3990 qui
756 3929 817 3971 tam
830 3928 966 3990 proterve
984 3930 1100 3972 nostras
1117 3920 1197 3972 aedis
1215 3922 1341 3972 arietat?

223 3991 286 4046 Nisi
307 3989 377 4047 forte
397 4008 424 4046 et
445 3993 491 4047 hio
509 3992 657 4064 legendum
676 3998 728 4057 sit,
747 4005 884 4066 proterve
904 3997 941 4048 ΙΝ
962 3993 1085 4049 nostros.

300 4067 380 4124 Cn.
398 4068 473 4123 ΧΗ.
500 4068 582 4138 Quod
598 4074 624 4119 si
642 4075 664 4120 ii
678 4069 851 4142 philosophi,
872 4089 987 4138 quortsm
1005 4090 1039 4122 ea
1057 4077 1198 4123 sententia
1215 4075 1268 4137 est,
1287 4077 1321 4121 ut
1336 4073 1432 4120 virtus
1445 4085 1498 4139 per
1514 4082 1542 4116 se

223 4145 286 4213 ipsa
305 4142 378 4195 nihil
393 4144 506 4207 valeat,
531 4160 662 4216 omneque
679 4145 754 4215 quod
770 4145 915 4197 honestum
936 4164 986 4197 nos
1007 4155 1035 4197 et
1057 4146 1196 4197 larniabile
1215 4165 1275 4198 esse
1294 4144 1427 4208 dicinuss,
1452 4141 1485 4193 id
1494 4142 1542 4192 'illl

223 4233 332 4268 cassum
354 4218 484 4289 quiddam
504 4226 533 4270 et
553 4223 633 4270 inani
655 4225 734 4270 esocis
755 4238 824 4273 sono
848 4221 1009 4272 decoratum
1032 4239 1091 4273 esse
1113 4222 1224 4284 deant,
1248 4224 1301 4290 [et]
1324 4228 1418 4270 tamen
1438 4231 1542 4287 semper

223 4291 335 4342 beatum
353 4303 464 4345 censent
481 4312 540 4346 esse
557 4301 728 4365 sapientem:
749 4296 815 4366 quid
832 4297 947 4347 tandem
968 4316 985 4348 a
1005 4298 1122 4348 Socrate
1141 4305 1169 4348 et
1189 4296 1306 4348 Platone
1321 4291 1463 4366 prosectis
1478 4291 1543 4364 plri-

223 4366 344 4438 losophis
353 4367 523 4437 faciendum
540 4371 646 4439 putes?
671 4389 786 4441 quorum
807 4371 859 4421 alii
878 4380 988 4423 tantam
1005 4377 1216 4443 praestantiam
1236 4372 1364 4424 inbonis
1382 4372 1470 4420 animi
1488 4383 1543 4419 esse

224 4440 336 4508 dictent,
365 4453 396 4494 ut
417 4444 452 4495 ab
475 4444 519 4496 his
543 4451 670 4515 corporis
692 4463 802 4499 externo
823 4445 985 4500 observent:
1011 4449 1062 4498 alii
1083 4456 1176 4498 autem
1199 4446 1266 4500 haec
1288 4465 1322 4498 ne
1344 4446 1417 4497 bona
1439 4441 1544 4516 prsident

223 4515 335 4581 dicunt,
357 4524 388 4569 irs
407 4525 501 4572 animo
523 4530 661 4590 repontmt
682 4525 796 4590 omnim]
829 4520 904 4590 Quid
932 4522 1073 4597 impulerit
1096 4521 1157 4576 Geb
1180 4524 1293 4587 ardum,
1318 4536 1349 4574 ut
1371 4524 1401 4572 in
1426 4531 1543 4573 attento

222 4605 287 4644 netu
307 4606 364 4645 tam
386 4599 502 4665 turpiter
522 4612 550 4647 ee
570 4594 664 4662 deret,
685 4613 791 4667 nequeo
813 4602 964 4649 coniicere.
1002 4597 1125 4670 Principi
1167 4597 1233 4650 iliud
1251 4598 1318 4662 ET,
1342 4593 1415 4666 quod
1436 4611 1468 4648 ut
1487 4610 1544 4647 sen·
1590 4623 1594 4634 ·

223 4665 478 4724 teutioeoifieiene
502 4669 649 4724 delendum
674 4689 734 4724 esse
757 4687 831 4725 recte
857 4677 965 4724 monuit
990 4675 1123 4725 Lambinu
1149 4713 1157 4737 ,
1184 4676 1228 4726 hic
1255 4671 1371 4738 retiner,
1395 4676 1455 4743 ipsa
1477 4671 1544 4722 serie

221 4756 250 4794 et
269 4749 377 4815 syntaxi
402 4762 579 4818 repugnante.
618 4744 695 4801 Ordo
718 4752 792 4799 enim
812 4764 869 4810 est,
892 4747 965 4816 pteoel
984 4753 1010 4798 si
1033 4754 1054 4799 ii
1073 4748 1232 4820 philosophi
1252 4757 1383 4807 consents
1406 4764 1436 4800 ut
1458 4743 1544 4797 nullus

221 4815 299 4870 iocus
324 4823 361 4874 eit
388 4825 592 4875 coniunctioni.
638 4823 745 4875 Deinde
770 4841 802 4875 ex
827 4823 971 4875 codicibus
998 4828 1054 4875 suis
1081 4829 1187 4896 primus
1216 4828 1353 4898 reposuit,
1382 4823 1418 4874 Ut
1443 4820 1479 4873 ab
1505 4817 1545 4869 hit

218 4898 348 4963 corporis
364 4904 484 4952 esterna
501 4897 649 4951 observent
655 4918 666 4959 ,·
685 4914 755 4970 quse
773 4917 809 4951 ne
827 4898 949 4971 Oedipus
968 4898 1078 4970 quidem
1100 4915 1227 4953 enarrare
1246 4904 1355 4974 poterit.
1395 4899 1459 4966 Quo
1475 4901 1545 4949 enim
