3384 5359
453 688 840 778 FRANCISCI
887 691 1243 785 sublimii-

280 843 1392 977 MARCODURANJ

572 1031 1100 1111 annotationes.
1399 1060 1405 1069 x

526 1383 1145 1452 ExPraesatiouc.

250 1485 432 1556 Posteaquam
457 1483 547 1538 literis
573 1503 637 1540 suus
666 1488 755 1541 bonor
781 1484 928 1542 doctorum
954 1494 1077 1543 virorum
1104 1478 1247 1543 industria'
1262 1496 1372 1545 restitui
1392 1496 1494 1562 coepit,
1600 1484 1605 1509 ¹

160 1577 233 1614 non
254 1559 398 1613 defuerunt
419 1562 546 1614 homines
566 1561 687 1628 literati,
716 1566 761 1635 qui
788 1560 862 1634 quod
882 1567 911 1615 in
931 1565 974 1617 his
993 1565 1073 1619 libris
1093 1566 1191 1619 inculti
1217 1580 1305 1634 esset,
1331 1584 1381 1620 suo
1401 1569 1494 1622 labore

160 1652 204 1689 ac
228 1634 321 1689 studio
341 1635 507 1688 excolerent.
546 1638 607 1705 Qun
629 1642 658 1690 in
679 1658 707 1691 re
728 1655 811 1709 quum
832 1639 971 1709 prioribus
993 1641 1162 1713 temporibus
1180 1640 1288 1694 Erasini
1311 1643 1501 1713 lloterodatni,

160 1712 251 1764 Petri
266 1713 399 1775 Victorii,
422 1711 499 1764 Pauli
515 1712 635 1764 Manutii
657 1728 683 1765 et
698 1713 835 1766 Ioacbimi
853 1716 1003 1768 Camerarii
1024 1720 1131 1790 egregia
1151 1733 1233 1789 opera
1254 1721 1414 1787 enituisset,
1436 1728 1495 1773 ttisu

161 1791 300 1861 proxime
319 1788 469 1858 Dionysius
488 1787 656 1852 Lambinus,
683 1794 725 1840 vir
751 1806 805 1841 nott
832 1789 922 1841 solutn
943 1806 957 1841 a
977 1790 1112 1844 librorum
1132 1796 1383 1864 manuscriptorum
1404 1799 1496 1866 copie,

163 1861 223 1914 sed
242 1877 269 1913 et
290 1877 305 1912 a
325 1878 437 1914 naturae
459 1877 490 1913 ac
510 1862 652 1915 doctrinae
673 1864 834 1918 excellentia
856 1870 1102 1931 instructissimus,
1122 1866 1236 1919 eandem
1257 1873 1328 1921 viam
1346 1873 1494 1941 ingressus,

150 1955 204 2003 ,ιιι
226 1940 326 1989 ceteris
347 1938 389 1991 M.
408 1936 494 1989 Tullii
520 1941 648 2010 scriptis,
678 1945 716 1991 ita
735 1940 900 1993 Tusculanis
927 1957 1004 1993 suem
1031 1941 1197 2015 dignitatern
1223 1949 1355 1997 restituit.
1400 1946 1495 2014 Quum

148 2008 285 2075 'autem,
303 2026 333 2064 ut
353 2013 434 2064 buius
454 2012 579 2064 beneficii
599 2029 661 2084 pars
681 2018 772 2085 aliqua
792 2015 825 2066 ad
845 2032 969 2069 nostram
991 2022 1159 2083 iuventutem
1178 2033 1319 2085 manaret,
1346 2020 1416 2072 mibi
1437 2018 1496 2072 effl-

166 2085 306 2140 ciendum
326 2104 384 2139 esse
405 2102 546 2158 putarem,
568 2086 767 2142 Adnotationes
788 2095 817 2141 in
836 2090 959 2162 singulos
979 2091 1064 2144 libros
1084 2092 1190 2157 adieci,
1211 2092 1311 2165 quibus
1331 2111 1387 2147 nou
1406 2095 1495 2149 solum

166 2162 327 2216 doctissimi
348 2161 475 2214 Lambini
496 2161 718 2229 emendationes,
738 2165 785 2217 ubi
805 2182 874 2238 opus
894 2183 952 2218 esse
972 2166 1117 2232 videretur,
1139 2168 1378 2233 confirmarentur,
1400 2187 1494 2223 verum

168 2243 277 2301 etiam,
307 2242 329 2290 si
357 2236 423 2305 quid
449 2236 490 2289 vel
517 2237 551 2289 ab
578 2238 638 2291 aliis
666 2246 730 2293 viris
756 2240 863 2304 doctis,
892 2241 933 2292 vel
959 2247 1044 2295 etiarn
1064 2259 1078 2293 s
1100 2247 1240 2314 meipso,
1270 2249 1317 2313 qui
1337 2244 1387 2296 hos
1406 2243 1493 2297 libros

168 2311 285 2385 publice
306 2318 502 2383 interpretatus
523 2330 600 2377 sum,
620 2330 646 2366 et
667 2315 770 2369 libtusu
790 2322 1010 2390 manuscriptum
1029 2322 1145 2372 minime
1164 2315 1397 2371 contemnendum
1417 2318 1493 2374 domi

168 2387 280 2453 babeo,
302 2388 475 2441 observatum
496 2404 585 2453 esset,
605 2392 634 2442 in
655 2408 739 2463 unum
759 2396 836 2464 quasi
857 2390 1019 2445 fasciculum
1038 2398 1196 2446 coniectum
1217 2392 1341 2448 discendi
1360 2391 1493 2448 studiosis

168 2463 358 2516 exhiberetur.

251 2558 353 2612 Tusc.
391 2558 468 2613 Lib.
487 2562 511 2613 l.
544 2560 588 2615 M.
609 2561 696 2615 Tullii
715 2562 858 2614 Ciceronis
876 2559 989 2614 Ttssctsl.
1007 2560 1221 2633 Quaestionum]
1250 2563 1283 2615 ln
1303 2567 1494 2635 manuscripto

169 2630 353 2696 Coloniensi,
383 2651 463 2703 quem
483 2637 552 2690 mihi
579 2643 663 2691 antici
691 2642 842 2699 miserunt,
869 2637 898 2689 hl
923 2636 988 2688 libri
1018 2635 1341 2697 TUSCULANARUM
1356 2638 1492 2693 DISPU-
1556 2634 1558 2639 ⁴

170 2707 390 2761 TATIONUM
414 2714 624 2783 inscriptionqn
651 2713 770 2777 babent,
795 2711 934 2780 quomodo
955 2712 1057 2765 Cicero
1076 2716 1135 2783 ipse
1154 2718 1280 2764 nontinat
1300 2717 1330 2766 in
1348 2718 1492 2784 prooemio

169 2774 235 2838 Lib.
254 2789 281 2840 5.
307 2799 334 2835 et
353 2784 413 2838 Lib.
433 2791 461 2840 2.
487 2787 520 2838 de
540 2789 690 2841 Distinet:
722 2786 868 2849 Totidem,
895 2791 1000 2858 inquit,
1026 2786 1163 2838 subsecuti
1187 2787 1252 2839 libri
1271 2786 1493 2841 Tusculanarum

169 2857 394 2928 disputationum
413 2878 459 2911 res
477 2861 518 2912 ad
534 2863 613 2914 beate
632 2864 784 2915 vivendum
802 2866 926 2914 inanime
949 2868 1121 2916 necessarias
1146 2871 1322 2932 aperuerunt.
1349 2865 1492 2918 »Prtmutts

171 2951 283 3006 quoque
302 2933 421 2999 librum,
437 2941 561 3007 primam
580 2938 767 2990 Tusculanam
786 2952 865 2990 vocat
885 2934 943 2989 Lib
967 2942 1011 2995 15.
1031 2937 1070 2988 ad
1087 2940 1177 2989 Attis.

246 3010 312 3076 Μ.
331 3016 415 3061 annis
433 3017 506 3062 enim
517 3011 589 3083 fere
603 3012 767 3085 CCCCCX]
786 3012 896 3085 Vulgsti
915 3010 980 3066 libri
1001 3011 1035 3065 de
1055 3014 1108 3066 boc
1128 3029 1244 3069 numero
1263 3028 1348 3064 annos
1369 3012 1401 3067 C.
1420 3012 1492 3066 male

170 3082 332 3137 detrabunt.
377 3087 437 3138 Etsi
457 3091 531 3140 enim
552 3085 586 3140 de
606 3107 723 3142 numero
743 3104 878 3141 annorum
899 3092 972 3141 inter
990 3092 1140 3161 scriptores
1160 3093 1346 3140 controversia
1366 3084 1435 3152 fuit,
1462 3104 1491 3141 ut

169 3164 210 3211 ιίι
233 3162 292 3213 Cic.
312 3165 341 3212 in
359 3159 452 3212 Bruto
472 3177 498 3213 c.
520 3170 578 3227 18·‚
599 3179 630 3215 ea
652 3181 743 3217 temen
763 3181 820 3218 non
840 3167 931 3236 potuit
951 3178 1028 3215 tanta
1048 3179 1121 3225 esse,
1141 3159 1296 3225 utclaudii
1316 3177 1345 3214 et
1358 3159 1491 3217 Tuditani

169 3234 347 3301 somniatus,
366 3242 413 3307 qui
435 3256 468 3290 er
487 3237 577 3296 Pastis
592 3239 758 3313 Capitolinis
778 3239 814 3291 sd
832 3254 936 3295 aunum
954 3238 1031 3293 urbis
1050 3238 1161 3294 Dlllll.
1177 3242 1313 3310 pertinet,
1334 3235 1368 3288 sd
1388 3252 1491 3291 annuat

170 3310 306 3364 CCCCX.
326 3310 482 3366 relersetur.

246 3386 317 3451 §.ln
345 3385 523 3459 Polygnotos
547 3396 577 3440 et
595 3388 776 3460 Parrhasios]
803 3388 983 3462 Polygnotos
1011 3407 1070 3443 esse
1099 3391 1129 3439 in
1158 3390 1273 3456 antiquo
1301 3385 1391 3455 libro,
1419 3405 1491 3444 nous

59 3456 61 3461 ’
170 3458 349 3531 Polycletus,
374 3480 405 3515 ut
431 3467 459 3514 in
486 3463 602 3533 vulgatis
620 3463 740 3535 legitur,
764 3465 908 3518 Manutius
930 3469 959 3517 in
978 3464 1099 3517 Scholiis
1119 3460 1271 3517 admonuit.
1317 3460 1410 3535 („Est
1431 3464 1491 3517 scil.

170 3551 227 3587 sec.
249 3534 307 3589 XV.
328 3537 541 3608 interpolatim‘*
562 3538 663 3612 Orell.)
709 3543 857 3610 Antiquam
877 3537 914 3613 (i)
941 3557 1004 3592 vcro
1022 3538 1173 3593 lectionem
1191 3536 1315 3609 vulgasse
1335 3555 1393 3592 esse
1414 3555 1492 3611 prae-

171 3607 328 3675 ferendam,
351 3630 430 3664 ncnro
451 3612 606 3678 dubitabit,
625 3619 678 3668 nisi
699 3612 769 3668 forto
790 3619 851 3685 quis
871 3620 939 3679 erit,
960 3619 1006 3685 qui
1026 3614 1214 3688 Polygnotum
1235 3618 1390 3686 pictorem,
1409 3613 1492 3686 Poly·

171 3685 276 3738 cletum
296 3694 462 3741 statuarium
483 3687 566 3741 luisse
587 3690 703 3757 ignoict.
1246 3697 1249 3703 '

245 3762 268 3827 b.
289 3766 316 3819 5.
343 3769 492 3815 memoriae
513 3764 650 3817 traditam
667 3765 725 3836 est]
752 3782 853 3820 nomen
876 3769 1026 3817 memoriae
1047 3769 1077 3818 in
1095 3768 1286 3839 manuscripto
1305 3780 1361 3815 non
1380 3761 1490 3833 legitur.

171 3833 249 3888 Idem
270 3852 335 3888 cum
361 3839 477 3912 vulgatis
502 3845 679 3894 consentiens
706 3840 803 3893 babet:
832 3845 878 3910 qui
903 3838 954 3890 bos
977 3848 1073 3893 aetate
1097 3841 1240 3904 anteibat,
1270 3837 1327 3893 ubi.
1339 3838 1489 3897 Lambinus

170 3910 258 3964 edidit
278 3917 323 3981 qui
341 3913 392 3966 bis.
438 3913 544 3968 Similis
563 3921 679 3969 varietas
700 3931 741 3969 est
761 3916 821 3969 Lib.
842 3922 868 3971 2.
888 3915 922 3965 de
942 3914 1076 3986 Officiis,
1102 3933 1157 3987 quo
1182 3915 1247 3969 loco
1272 3911 1398 3967 nonnulli
1426 3911 1490 3965 libri

170 3987 274 4041 babent
293 3992 340 4057 qas'
358 3994 465 4041 anteire
484 3998 589 4045 ceteros
607 3997 716 4042 virtute
732 3999 886 4057 putaretur:
907 3990 964 4055 ulii,
984 3996 1092 4043 anteire
1110 3997 1221 4045 ceteris.
1261 3990 1329 4039 ltem
1344 3986 1414 4039 Plsil.
1429 3987 1491 4054 lii..

170 4061 220 4114 ubi
240 4062 320 4135 vulgo
339 4063 440 4137 legitur
459 4073 555 4119 aetate
573 4066 631 4118 illis
647 4071 772 4119 anteiret
790 4071 932 4138 sapientia
952 4066 1091 4133 omnibus,
1117 4068 1326 4138 antiquissimus
1345 4061 1416 4116 liber
1437 4064 1491 4117 ito.

170 4154 269 4190 manus
289 4137 371 4191 brbet
391 4149 488 4193 anate
507 4142 572 4193 illos
590 4146 728 4206 anteiret,
746 4148 887 4212 sapientia
906 4146 1004 4195 omnis.

240 4210 330 4265 ibid.
358 4215 475 4267 Graecis
492 4217 663 4288 cederemus]
690 4218 722 4273 ln
748 4218 812 4271 eliis
840 4233 882 4271 est
906 4216 1068 4271 cederetnrs
1094 4213 1142 4269 sed
1168 4218 1257 4287 prims
1277 4228 1393 4286 persona
1413 4212 1491 4269 linita

169 4291 257 4355 tnagis
279 4288 377 4360 placet.
1375 4348 1378 4359 Ι

246 4364 270 4429 b.
289 4366 316 4419 6.
337 4362 411 4434 fieri
429 4373 523 4419 arcem
537 4367 647 4438 potest]
673 4366 803 4422 Manutio
823 4366 916 4440 paullo
936 4371 1030 4437 aptius
1048 4363 1170 4418 vitietur:
1194 4360 1279 4434 ferri
1302 4370 1396 4414 aretem
1418 4370 1490 4434 pot-

168 4446 231 4496 est,·
263 4436 311 4490 sed
340 4445 511 4494 concessioni
537 4442 688 4495 indisertus
713 4447 850 4496 cretionis
875 4447 905 4496 in
923 4441 993 4494 bene
1013 4439 1196 4495 sentientibus
1216 4437 1329 4495 verbnm
1341 4436 1415 4510 fieri
1433 4455 1490 4489 non

169 4512 241 4565 mele
260 4521 399 4568 contenit.
979 4538 982 4543 ·

243 4590 268 4656 ᾗ.
289 4594 315 4645 7.
335 4595 366 4641 s'n
384 4610 467 4661 quam
484 4597 715 4645 exercitationem
733 4597 776 4645 ita
792 4608 848 4643 nos
866 4591 988 4644 studiose
1007 4589 1144 4662 iedtinus]
1171 4589 1218 4643 Sic
1237 4588 1290 4661 legi
1303 4591 1340 4640 sin
1359 4585 1489 4640 omnibus

170 4658 227 4714 iere
246 4663 326 4717 libris
348 4667 500 4732 ueteribus,
522 4673 613 4737 itaque
632 4665 776 4737 legendum
799 4684 858 4719 esse
879 4684 954 4719 recte
974 4664 1087 4719 adnotet
1104 4665 1269 4725 Lambinus3
1289 4679 1352 4716 nasu
1373 4662 1442 4713 obre
1460 4678 1490 4713 se

168 4737 292 4789 studiose
311 4746 341 4791 in
366 4743 489 4812 aliquem
514 4745 744 4795 exercitationem
771 4740 881 4811 elegans
906 4759 933 4794 et
960 4759 1057 4795 uotum
1083 4757 1166 4814 genus
1192 4739 1320 4810 loquendi
1347 4752 1398 4789 est.
1441 4738 1489 4805 At,

145 4872 148 4877 ¹
168 4811 237 4864 dare
257 4832 370 4885 operans
389 4823 420 4867 in
438 4823 683 4882 exercitationem,
712 4816 853 4890 quomodo
873 4817 953 4895 vulgo
972 4818 1020 4873 laic
1039 4815 1154 4891 legitur,
1178 4814 1263 4890 figura
1283 4816 1417 4868 sermonis
1438 4827 1491 4885 sti,

169 4903 199 4941 ut
221 4889 396 4947 Camerarius
417 4898 470 4959 sit,
490 4892 723 4949 snusuntinsouln
817 4944 821 4955 ,
1082 4924 1088 4933 =
